ts;raw;calc
2017.06.28 19:20:40:056;26.64;20.94
2017.06.28 19:20:41:782;26.63;20.94
2017.06.28 19:20:42:879;26.63;20.93
2017.06.28 19:20:43:938;26.63;20.93
2017.06.28 19:20:45:088;26.62;20.93
2017.06.28 19:20:46:216;26.62;20.93
2017.06.28 19:20:47:280;26.62;20.93
2017.06.28 19:20:48:362;26.62;20.92
2017.06.28 19:20:49:493;26.61;20.92
2017.06.28 19:20:50:618;26.61;20.92
2017.06.28 19:20:51:847;26.61;20.92
2017.06.28 19:20:53:407;26.61;20.92
2017.06.28 19:20:54:677;26.61;20.92
2017.06.28 19:20:55:738;26.6;20.92
2017.06.28 19:20:56:799;26.61;20.92
2017.06.28 19:20:57:885;26.61;20.92
2017.06.28 19:20:58:947;26.61;20.92
2017.06.28 19:21:00:244;26.61;20.92
2017.06.28 19:21:01:305;26.61;20.92
2017.06.28 19:21:02:394;26.61;20.92
2017.06.28 19:21:03:521;26.61;20.92
2017.06.28 19:21:04:583;26.61;20.92
2017.06.28 19:21:05:668;26.6;20.92
2017.06.28 19:21:06:797;26.6;20.91
2017.06.28 19:21:07:924;26.6;20.91
2017.06.28 19:21:08:995;26.6;20.91
2017.06.28 19:21:10:057;26.6;20.91
2017.06.28 19:21:11:150;26.6;20.91
2017.06.28 19:21:12:222;26.6;20.91
2017.06.28 19:21:13:351;26.6;20.91
2017.06.28 19:21:14:414;26.6;20.91
2017.06.28 19:21:15:498;26.61;20.92
2017.06.28 19:21:16:561;26.61;20.92
2017.06.28 19:21:17:648;26.61;20.92
2017.06.28 19:21:18:778;26.61;20.92
2017.06.28 19:21:19:905;26.61;20.92
2017.06.28 19:21:21:031;26.62;20.92
2017.06.28 19:21:22:094;26.62;20.93
2017.06.28 19:21:23:178;26.62;20.93
2017.06.28 19:21:24:307;26.62;20.93
2017.06.28 19:21:25:434;26.62;20.93
2017.06.28 19:21:26:562;26.62;20.93
2017.06.28 19:21:27:687;26.63;20.93
2017.06.28 19:21:28:813;26.63;20.94
2017.06.28 19:21:29:940;26.64;20.94
2017.06.28 19:21:31:003;26.64;20.94
2017.06.28 19:21:32:087;26.64;20.94
2017.06.28 19:21:33:217;26.64;20.94
2017.06.28 19:21:34:343;26.65;20.95
2017.06.28 19:21:35:470;26.65;20.95
2017.06.28 19:21:36:596;26.65;20.95
2017.06.28 19:21:37:657;26.65;20.95
2017.06.28 19:21:38:951;26.65;20.95
2017.06.28 19:21:40:012;26.65;20.95
2017.06.28 19:21:41:099;26.65;20.95
2017.06.28 19:21:42:228;26.65;20.95
2017.06.28 19:21:43:355;26.65;20.95
2017.06.28 19:21:44:420;26.65;20.95
2017.06.28 19:21:45:501;26.65;20.95
2017.06.28 19:21:46:566;26.65;20.95
2017.06.28 19:21:47:651;26.65;20.95
2017.06.28 19:21:48:782;26.65;20.95
2017.06.28 19:21:49:844;26.64;20.95
2017.06.28 19:21:50:942;26.64;20.94
2017.06.28 19:21:52:005;26.64;20.94
2017.06.28 19:21:53:067;26.64;20.94
2017.06.28 19:21:54:212;26.64;20.94
2017.06.28 19:21:55:335;26.64;20.94
2017.06.28 19:22:09:523;26.64;20.94
2017.06.28 19:22:10:699;26.64;20.94
2017.06.28 19:22:11:765;26.64;20.94
2017.06.28 19:22:12:842;26.64;20.94
2017.06.28 19:22:13:972;26.64;20.94
2017.06.28 19:22:15:031;26.64;20.95
2017.06.28 19:22:16:092;26.65;20.95
2017.06.28 19:22:17:156;26.65;20.95
2017.06.28 19:22:18:224;26.65;20.95
2017.06.28 19:22:19:292;26.65;20.95
2017.06.28 19:22:20:423;26.65;20.95
2017.06.28 19:22:21:484;26.66;20.95
2017.06.28 19:22:22:734;26.65;20.95
2017.06.28 19:22:23:818;26.65;20.95
2017.06.28 19:22:24:881;26.65;20.95
2017.06.28 19:22:26:056;26.65;20.95
2017.06.28 19:22:27:182;26.65;20.95
2017.06.28 19:22:28:309;26.65;20.95
2017.06.28 19:22:29:435;26.64;20.94
2017.06.28 19:22:30:561;26.64;20.94
2017.06.28 19:22:31:688;26.64;20.94
2017.06.28 19:22:32:814;26.63;20.94
2017.06.28 19:22:33:941;26.63;20.94
2017.06.28 19:22:35:067;26.63;20.93
2017.06.28 19:22:36:193;26.63;20.93
2017.06.28 19:22:37:259;26.63;20.93
2017.06.28 19:22:38:341;26.63;20.93
2017.06.28 19:22:39:470;26.63;20.93
2017.06.28 19:22:40:531;26.63;20.94
2017.06.28 19:22:41:591;26.63;20.94
2017.06.28 19:22:42:747;26.64;20.94
2017.06.28 19:22:43:874;26.64;20.94
2017.06.28 19:22:45:002;26.64;20.94
2017.06.28 19:22:46:066;26.65;20.95
2017.06.28 19:22:47:127;26.65;20.95
2017.06.28 19:22:48:276;26.66;20.95
2017.06.28 19:22:49:403;26.66;20.96
2017.06.28 19:22:50:495;26.67;20.96
2017.06.28 19:22:51:698;26.67;20.97
2017.06.28 19:22:52:777;26.67;20.97
2017.06.28 19:22:53:855;26.68;20.97
2017.06.28 19:22:54:928;26.69;20.98
2017.06.28 19:22:55:991;26.69;20.98
2017.06.28 19:22:57:051;26.69;20.98
2017.06.28 19:22:58:217;26.7;20.98
2017.06.28 19:22:59:282;26.7;20.99
2017.06.28 19:23:00:345;26.7;20.99
2017.06.28 19:23:01:412;26.7;20.99
2017.06.28 19:23:02:473;26.71;20.99
2017.06.28 19:23:03:637;26.71;21
2017.06.28 19:23:04:763;26.72;21
2017.06.28 19:23:05:897;26.72;21
2017.06.28 19:23:06:964;26.72;21
2017.06.28 19:23:08:026;26.72;21.01
2017.06.28 19:23:09:166;26.73;21.01
2017.06.28 19:23:10:292;26.73;21.01
2017.06.28 19:23:11:355;26.73;21.01
2017.06.28 19:23:12:440;26.73;21.01
2017.06.28 19:23:13:570;26.73;21.01
2017.06.28 19:23:14:695;26.73;21.01
2017.06.28 19:23:15:822;26.73;21.01
2017.06.28 19:23:16:884;26.73;21.01
2017.06.28 19:23:17:968;26.73;21.01
2017.06.28 19:23:19:099;26.74;21.01
2017.06.28 19:23:20:226;26.74;21.01
2017.06.28 19:23:21:306;26.74;21.02
2017.06.28 19:23:22:601;26.74;21.02
2017.06.28 19:23:23:652;26.74;21.02
2017.06.28 19:23:24:727;26.74;21.02
2017.06.28 19:23:25:859;26.74;21.02
2017.06.28 19:23:26:922;26.74;21.02
2017.06.28 19:23:27:984;26.74;21.01
2017.06.28 19:23:29:134;26.74;21.02
2017.06.28 19:23:30:260;26.74;21.02
2017.06.28 19:23:31:387;26.74;21.02
2017.06.28 19:23:32:514;26.74;21.02
2017.06.28 19:23:33:640;26.75;21.02
2017.06.28 19:23:34:767;26.75;21.02
2017.06.28 19:23:35:827;26.75;21.03
2017.06.28 19:23:36:911;26.75;21.03
2017.06.28 19:23:38:043;26.76;21.03
2017.06.28 19:23:39:104;26.76;21.03
2017.06.28 19:23:40:164;26.76;21.04
2017.06.28 19:23:41:321;26.77;21.04
2017.06.28 19:23:42:384;26.77;21.04
2017.06.28 19:23:43:466;26.78;21.05
2017.06.28 19:23:44:596;26.78;21.05
2017.06.28 19:23:45:657;26.79;21.05
2017.06.28 19:23:46:743;26.79;21.06
2017.06.28 19:23:47:805;26.8;21.06
2017.06.28 19:23:48:866;26.8;21.07
2017.06.28 19:23:50:024;26.81;21.07
2017.06.28 19:23:51:151;26.81;21.07
2017.06.28 19:23:52:305;26.82;21.08
2017.06.28 19:23:53:403;26.82;21.08
2017.06.28 19:23:54:465;26.83;21.08
2017.06.28 19:23:55:549;26.83;21.09
2017.06.28 19:23:56:612;26.84;21.09
2017.06.28 19:23:57:673;26.84;21.09
2017.06.28 19:23:58:736;26.84;21.1
2017.06.28 19:23:59:835;26.85;21.1
2017.06.28 19:24:00:981;26.85;21.1
2017.06.28 19:24:02:114;26.85;21.1
2017.06.28 19:24:03:234;26.85;21.1
2017.06.28 19:24:04:360;26.86;21.1
2017.06.28 19:24:05:487;26.86;21.11
2017.06.28 19:24:06:613;26.86;21.11
2017.06.28 19:24:07:739;26.86;21.11
2017.06.28 19:24:08:866;26.86;21.11
2017.06.28 19:24:09:928;26.87;21.11
2017.06.28 19:24:11:011;26.87;21.11
2017.06.28 19:24:12:075;26.87;21.12
2017.06.28 19:24:13:136;26.87;21.12
2017.06.28 19:24:14:199;26.87;21.12
2017.06.28 19:24:15:261;26.87;21.12
2017.06.28 19:24:16:322;26.87;21.12
2017.06.28 19:24:17:465;26.88;21.12
2017.06.28 19:24:18:594;26.88;21.12
2017.06.28 19:24:19:721;26.88;21.13
2017.06.28 19:24:20:844;26.89;21.13
2017.06.28 19:24:21:907;26.89;21.13
2017.06.28 19:24:23:099;26.89;21.13
2017.06.28 19:24:24:227;26.89;21.13
2017.06.28 19:24:25:308;26.9;21.14
2017.06.28 19:24:26:370;26.9;21.14
2017.06.28 19:24:27:502;26.9;21.14
2017.06.28 19:24:28:564;26.91;21.14
2017.06.28 19:24:29:628;26.91;21.14
2017.06.28 19:24:30:780;26.91;21.14
2017.06.28 19:24:31:842;26.91;21.14
2017.06.28 19:24:32:925;26.91;21.14
2017.06.28 19:24:34:061;26.91;21.14
2017.06.28 19:24:35:181;26.91;21.15
2017.06.28 19:24:36:301;26.91;21.14
2017.06.28 19:24:37:371;26.91;21.14
2017.06.28 19:24:38:458;26.91;21.15
2017.06.28 19:24:39:586;26.91;21.15
2017.06.28 19:24:40:647;26.91;21.15
2017.06.28 19:24:41:730;26.92;21.15
2017.06.28 19:24:42:871;26.92;21.15
2017.06.28 19:24:43:930;26.92;21.15
2017.06.28 19:24:45:009;26.92;21.15
2017.06.28 19:24:46:128;26.92;21.16
2017.06.28 19:24:47:200;26.93;21.16
2017.06.28 19:24:48:285;26.93;21.16
2017.06.28 19:24:49:414;26.93;21.16
2017.06.28 19:24:50:479;26.93;21.16
2017.06.28 19:24:51:545;26.93;21.16
2017.06.28 19:24:52:621;26.93;21.16
2017.06.28 19:24:53:704;26.94;21.16
2017.06.28 19:24:54:841;26.94;21.17
2017.06.28 19:24:55:904;26.94;21.17
2017.06.28 19:24:56:988;26.94;21.17
2017.06.28 19:24:58:220;26.94;21.17
2017.06.28 19:24:59:283;26.95;21.18
2017.06.28 19:25:00:369;26.95;21.18
2017.06.28 19:25:01:433;26.96;21.18
2017.06.28 19:25:02:493;26.96;21.18
2017.06.28 19:25:03:566;26.96;21.19
2017.06.28 19:25:04:641;26.97;21.19
2017.06.28 19:25:05:809;26.97;21.19
2017.06.28 19:25:06:924;26.98;21.2
2017.06.28 19:25:08:006;26.98;21.2
2017.06.28 19:25:09:176;26.98;21.2
2017.06.28 19:25:10:303;26.98;21.2
2017.06.28 19:25:11:429;26.99;21.2
2017.06.28 19:25:12:561;26.99;21.21
2017.06.28 19:25:13:623;26.99;21.21
2017.06.28 19:25:14:704;26.99;21.21
2017.06.28 19:25:15:832;27;21.21
2017.06.28 19:25:16:896;27;21.21
2017.06.28 19:25:17:957;27;21.21
2017.06.28 19:25:19:018;27;21.21
2017.06.28 19:25:20:085;27;21.22
2017.06.28 19:25:21:146;27.01;21.22
2017.06.28 19:25:22:332;27.01;21.22
2017.06.28 19:25:23:408;27.01;21.22
2017.06.28 19:25:24:537;27.02;21.23
2017.06.28 19:25:25:600;27.02;21.23
2017.06.28 19:25:26:684;27.02;21.23
2017.06.28 19:25:27:814;27.03;21.23
2017.06.28 19:25:28:877;27.03;21.24
2017.06.28 19:25:29:961;27.04;21.24
2017.06.28 19:25:31:090;27.04;21.24
2017.06.28 19:25:32:217;27.04;21.25
2017.06.28 19:25:33:346;27.05;21.25
2017.06.28 19:25:34:406;27.05;21.25
2017.06.28 19:25:35:467;27.05;21.25
2017.06.28 19:25:36:621;27.06;21.26
2017.06.28 19:25:37:748;27.06;21.26
2017.06.28 19:25:38:809;27.06;21.26
2017.06.28 19:25:39:870;27.07;21.26
2017.06.28 19:25:41:023;27.07;21.27
2017.06.28 19:25:42:095;27.08;21.27
2017.06.28 19:25:43:170;27.08;21.27
2017.06.28 19:25:44:311;27.08;21.28
2017.06.28 19:25:45:377;27.09;21.28
2017.06.28 19:25:46:448;27.09;21.28
2017.06.28 19:25:47:588;27.09;21.28
2017.06.28 19:25:48:703;27.09;21.28
2017.06.28 19:25:49:931;27.09;21.28
2017.06.28 19:25:51:058;27.09;21.28
2017.06.28 19:25:52:128;27.09;21.28
2017.06.28 19:25:53:229;27.09;21.28
2017.06.28 19:25:54:336;27.09;21.28
2017.06.28 19:25:55:460;27.09;21.28
2017.06.28 19:25:56:521;27.09;21.28
2017.06.28 19:25:57:600;27.09;21.28
2017.06.28 19:25:58:726;27.09;21.28
2017.06.28 19:25:59:822;27.09;21.28
2017.06.28 19:26:00:884;27.09;21.28
2017.06.28 19:26:02:028;27.09;21.28
2017.06.28 19:26:03:142;27.1;21.29
2017.06.28 19:26:04:207;27.1;21.29
2017.06.28 19:26:05:273;27.1;21.29
2017.06.28 19:26:06:336;27.1;21.29
2017.06.28 19:26:07:402;27.11;21.29
2017.06.28 19:26:08:464;27.11;21.3
2017.06.28 19:26:09:528;27.11;21.3
2017.06.28 19:26:10:589;27.12;21.3
2017.06.28 19:26:11:653;27.12;21.3
2017.06.28 19:26:12:720;27.12;21.31
2017.06.28 19:26:13:786;27.13;21.31
2017.06.28 19:26:14:848;27.13;21.31
2017.06.28 19:26:15:910;27.13;21.31
2017.06.28 19:26:16:978;27.14;21.31
2017.06.28 19:26:18:048;27.14;21.32
2017.06.28 19:26:19:111;27.14;21.32
2017.06.28 19:26:20:174;27.15;21.32
2017.06.28 19:26:21:236;27.15;21.32
2017.06.28 19:26:22:338;27.15;21.33
2017.06.28 19:26:23:407;27.16;21.33
2017.06.28 19:26:24:465;27.16;21.33
2017.06.28 19:26:25:525;27.16;21.33
2017.06.28 19:26:26:585;27.16;21.34
2017.06.28 19:26:27:645;27.16;21.34
2017.06.28 19:26:28:738;27.17;21.34
2017.06.28 19:26:29:800;27.17;21.34
2017.06.28 19:26:30:866;27.17;21.34
2017.06.28 19:26:32:017;27.17;21.34
2017.06.28 19:26:33:083;27.17;21.34
2017.06.28 19:26:34:156;27.18;21.35
2017.06.28 19:26:35:218;27.18;21.35
2017.06.28 19:26:36:279;27.18;21.35
2017.06.28 19:26:37:340;27.19;21.35
2017.06.28 19:26:38:400;27.19;21.36
2017.06.28 19:26:39:469;27.19;21.36
2017.06.28 19:26:40:620;27.2;21.36
2017.06.28 19:26:41:683;27.2;21.36
2017.06.28 19:26:42:752;27.2;21.36
2017.06.28 19:26:43:813;27.2;21.37
2017.06.28 19:26:44:876;27.21;21.37
2017.06.28 19:26:45:937;27.21;21.37
2017.06.28 19:26:46:997;27.21;21.37
2017.06.28 19:26:48:095;27.21;21.37
2017.06.28 19:26:49:163;27.22;21.38
2017.06.28 19:26:50:242;27.22;21.38
2017.06.28 19:26:51:303;27.22;21.38
2017.06.28 19:26:52:363;27.23;21.38
2017.06.28 19:26:53:521;27.23;21.39
2017.06.28 19:26:54:648;27.23;21.39
2017.06.28 19:26:55:712;27.23;21.39
2017.06.28 19:26:56:800;27.23;21.39
2017.06.28 19:26:57:868;27.23;21.39
2017.06.28 19:26:58:946;27.24;21.39
2017.06.28 19:27:00:006;27.24;21.39
2017.06.28 19:27:01:098;27.24;21.39
2017.06.28 19:27:02:226;27.24;21.39
2017.06.28 19:27:03:287;27.24;21.39
2017.06.28 19:27:04:347;27.24;21.39
2017.06.28 19:27:05:503;27.24;21.4
2017.06.28 19:27:06:572;27.25;21.4
2017.06.28 19:27:07:643;27.25;21.4
2017.06.28 19:27:08:780;27.25;21.4
2017.06.28 19:27:09:913;27.26;21.41
2017.06.28 19:27:10:973;27.26;21.41
2017.06.28 19:27:12:034;27.26;21.41
2017.06.28 19:27:13:096;27.25;21.4
2017.06.28 19:27:14:211;27.25;21.4
2017.06.28 19:27:15:280;27.26;21.41
2017.06.28 19:27:16:341;27.26;21.41
2017.06.28 19:27:17:406;27.26;21.41
2017.06.28 19:27:18:465;27.26;21.41
2017.06.28 19:27:19:535;27.27;21.41
2017.06.28 19:27:20:657;27.27;21.42
2017.06.28 19:27:21:719;27.27;21.42
2017.06.28 19:27:22:941;27.27;21.42
2017.06.28 19:27:24:140;27.28;21.42
2017.06.28 19:27:25:196;27.28;21.42
2017.06.28 19:27:26:286;27.28;21.42
2017.06.28 19:27:27:433;27.28;21.42
2017.06.28 19:27:28:503;27.28;21.43
2017.06.28 19:27:29:572;27.28;21.43
2017.06.28 19:27:30:634;27.29;21.43
2017.06.28 19:27:31:704;27.29;21.43
2017.06.28 19:27:32:796;27.29;21.43
2017.06.28 19:27:33:976;27.29;21.43
2017.06.28 19:27:35:101;27.3;21.44
2017.06.28 19:27:36:222;27.3;21.44
2017.06.28 19:27:37:285;27.3;21.44
2017.06.28 19:27:38:380;27.3;21.44
2017.06.28 19:27:39:499;27.31;21.44
2017.06.28 19:27:40:566;27.31;21.45
2017.06.28 19:27:41:626;27.31;21.45
2017.06.28 19:27:42:692;27.32;21.45
2017.06.28 19:27:43:755;27.32;21.45
2017.06.28 19:27:44:959;27.32;21.45
2017.06.28 19:27:46:028;27.32;21.45
2017.06.28 19:27:47:136;27.32;21.45
2017.06.28 19:27:48:462;27.32;21.46
2017.06.28 19:27:49:582;27.32;21.46
2017.06.28 19:27:50:775;27.32;21.46
2017.06.28 19:27:51:854;27.33;21.46
2017.06.28 19:27:53:094;27.33;21.46
2017.06.28 19:27:54:189;27.33;21.46
2017.06.28 19:27:55:266;27.33;21.46
2017.06.28 19:27:56:332;27.33;21.46
2017.06.28 19:27:57:431;27.33;21.46
2017.06.28 19:27:58:562;27.33;21.46
2017.06.28 19:27:59:682;27.33;21.46
2017.06.28 19:28:00:929;27.33;21.47
2017.06.28 19:28:02:193;27.34;21.47
2017.06.28 19:28:03:451;27.34;21.47
2017.06.28 19:28:04:636;27.34;21.47
2017.06.28 19:28:05:709;27.34;21.47
2017.06.28 19:28:06:772;27.34;21.47
2017.06.28 19:28:07:861;27.35;21.47
2017.06.28 19:28:08:924;27.35;21.47
2017.06.28 19:28:10:013;27.35;21.47
2017.06.28 19:28:11:074;27.35;21.48
2017.06.28 19:28:12:134;27.35;21.48
2017.06.28 19:28:13:196;27.35;21.48
2017.06.28 19:28:14:317;27.35;21.48
2017.06.28 19:28:15:379;27.36;21.48
2017.06.28 19:28:16:439;27.36;21.48
2017.06.28 19:28:17:505;27.36;21.48
2017.06.28 19:28:18:616;27.35;21.48
2017.06.28 19:28:19:677;27.35;21.48
2017.06.28 19:28:20:763;27.35;21.48
2017.06.28 19:28:21:824;27.36;21.48
2017.06.28 19:28:22:886;27.36;21.48
2017.06.28 19:28:23:936;27.36;21.48
2017.06.28 19:28:25:067;27.36;21.48
2017.06.28 19:28:26:193;27.36;21.49
2017.06.28 19:28:27:320;27.37;21.49
2017.06.28 19:28:28:446;27.37;21.49
2017.06.28 19:28:29:519;27.38;21.5
2017.06.28 19:28:30:785;27.38;21.5
2017.06.28 19:28:31:935;27.39;21.5
2017.06.28 19:28:33:131;27.39;21.51
2017.06.28 19:28:34:290;27.39;21.51
2017.06.28 19:28:35:358;27.4;21.51
2017.06.28 19:28:36:430;27.4;21.52
2017.06.28 19:28:37:492;27.4;21.52
2017.06.28 19:28:38:553;27.41;21.52
2017.06.28 19:28:39:614;27.41;21.52
2017.06.28 19:28:40:676;27.41;21.52
2017.06.28 19:28:41:737;27.41;21.53
2017.06.28 19:28:42:799;27.42;21.53
2017.06.28 19:28:43:859;27.42;21.53
2017.06.28 19:28:44:921;27.42;21.53
2017.06.28 19:28:45:985;27.42;21.53
2017.06.28 19:28:47:056;27.42;21.53
2017.06.28 19:28:48:119;27.43;21.53
2017.06.28 19:28:49:181;27.43;21.54
2017.06.28 19:28:50:254;27.43;21.54
2017.06.28 19:28:51:313;27.43;21.54
2017.06.28 19:28:52:373;27.43;21.54
2017.06.28 19:28:53:449;27.44;21.54
2017.06.28 19:28:54:515;27.44;21.54
2017.06.28 19:28:55:671;27.44;21.54
2017.06.28 19:28:56:731;27.44;21.54
2017.06.28 19:28:57:834;27.44;21.54
2017.06.28 19:28:58:896;27.44;21.55
2017.06.28 19:28:59:982;27.44;21.55
2017.06.28 19:29:01:050;27.44;21.55
2017.06.28 19:29:02:133;27.44;21.55
2017.06.28 19:29:03:262;27.45;21.55
2017.06.28 19:29:04:322;27.45;21.55
2017.06.28 19:29:05:382;27.45;21.55
2017.06.28 19:29:06:445;27.45;21.55
2017.06.28 19:29:07:563;27.45;21.55
2017.06.28 19:29:08:623;27.45;21.55
2017.06.28 19:29:09:709;27.45;21.55
2017.06.28 19:29:10:840;27.45;21.55
2017.06.28 19:29:11:904;27.45;21.56
2017.06.28 19:29:12:987;27.46;21.56
2017.06.28 19:29:14:091;27.46;21.56
2017.06.28 19:29:15:152;27.46;21.56
2017.06.28 19:29:16:276;27.46;21.56
2017.06.28 19:29:17:336;27.46;21.56
2017.06.28 19:29:18:404;27.46;21.56
2017.06.28 19:29:19:543;27.46;21.56
2017.06.28 19:29:20:670;27.46;21.56
2017.06.28 19:29:21:734;27.46;21.56
2017.06.28 19:29:23:015;27.46;21.56
2017.06.28 19:29:24:151;27.46;21.56
2017.06.28 19:29:25:278;27.46;21.56
2017.06.28 19:29:26:404;27.45;21.56
2017.06.28 19:29:27:467;27.45;21.55
2017.06.28 19:29:28:529;27.45;21.55
2017.06.28 19:29:29:686;27.45;21.55
2017.06.28 19:29:30:808;27.45;21.55
2017.06.28 19:29:31:870;27.45;21.55
2017.06.28 19:29:32:932;27.45;21.55
2017.06.28 19:29:34:085;27.45;21.55
2017.06.28 19:29:35:162;27.45;21.55
2017.06.28 19:29:36:374;27.45;21.55
2017.06.28 19:29:37:493;27.45;21.55
2017.06.28 19:29:38:659;27.45;21.55
2017.06.28 19:29:39:724;27.45;21.55
2017.06.28 19:29:40:792;27.45;21.55
2017.06.28 19:29:41:958;27.45;21.55
2017.06.28 19:29:43:076;27.45;21.55
2017.06.28 19:29:44:224;27.45;21.55
2017.06.28 19:29:45:349;27.45;21.55
2017.06.28 19:29:46:414;27.45;21.55
2017.06.28 19:29:47:497;27.45;21.55
2017.06.28 19:29:48:567;27.45;21.55
2017.06.28 19:29:49:646;27.45;21.55
2017.06.28 19:29:50:776;27.45;21.55
2017.06.28 19:29:51:903;27.45;21.55
2017.06.28 19:29:53:029;27.45;21.55
2017.06.28 19:29:54:156;27.45;21.55
2017.06.28 19:29:55:281;27.45;21.55
2017.06.28 19:29:56:408;27.45;21.55
2017.06.28 19:29:57:535;27.45;21.55
2017.06.28 19:29:58:660;27.45;21.55
2017.06.28 19:29:59:722;27.45;21.55
2017.06.28 19:30:00:785;27.45;21.55
2017.06.28 19:30:01:945;27.45;21.55
2017.06.28 19:30:03:007;27.45;21.55
2017.06.28 19:30:04:068;27.45;21.55
2017.06.28 19:30:05:214;27.45;21.55
2017.06.28 19:30:06:340;27.45;21.55
2017.06.28 19:30:07:401;27.46;21.56
2017.06.28 19:30:08:462;27.46;21.56
2017.06.28 19:30:09:618;27.46;21.56
2017.06.28 19:30:10:743;27.46;21.56
2017.06.28 19:30:11:806;27.46;21.56
2017.06.28 19:30:12:891;27.46;21.56
2017.06.28 19:30:13:952;27.47;21.56
2017.06.28 19:30:15:044;27.47;21.56
2017.06.28 19:30:16:171;27.47;21.56
2017.06.28 19:30:17:394;27.46;21.56
2017.06.28 19:30:18:458;27.46;21.56
2017.06.28 19:30:19:547;27.46;21.56
2017.06.28 19:30:20:677;27.45;21.55
2017.06.28 19:30:21:737;27.45;21.55
2017.06.28 19:30:22:885;27.45;21.55
2017.06.28 19:30:23:936;27.45;21.55
2017.06.28 19:30:24:994;27.44;21.55
2017.06.28 19:30:26:104;27.44;21.55
2017.06.28 19:30:27:230;27.44;21.55
2017.06.28 19:30:28:356;27.44;21.55
2017.06.28 19:30:29:482;27.44;21.55
2017.06.28 19:30:30:542;27.44;21.55
2017.06.28 19:30:31:633;27.44;21.55
2017.06.28 19:30:32:760;27.44;21.55
2017.06.28 19:30:33:839;27.44;21.55
2017.06.28 19:30:35:012;27.44;21.54
2017.06.28 19:30:36:139;27.44;21.54
2017.06.28 19:30:37:265;27.44;21.54
2017.06.28 19:30:38:343;27.44;21.54
2017.06.28 19:30:39:518;27.44;21.55
2017.06.28 19:30:40:644;27.44;21.55
2017.06.28 19:30:41:771;27.44;21.55
2017.06.28 19:30:42:897;27.45;21.55
2017.06.28 19:30:43:959;27.45;21.55
2017.06.28 19:30:45:045;27.45;21.55
2017.06.28 19:30:46:109;27.45;21.55
2017.06.28 19:30:47:194;27.46;21.56
2017.06.28 19:30:48:325;27.46;21.56
2017.06.28 19:30:49:450;27.46;21.56
2017.06.28 19:30:50:577;27.46;21.56
2017.06.28 19:30:51:704;27.47;21.56
2017.06.28 19:30:52:829;27.47;21.57
2017.06.28 19:30:53:956;27.47;21.57
2017.06.28 19:30:55:083;27.47;21.57
2017.06.28 19:30:56:209;27.48;21.57
2017.06.28 19:30:57:336;27.48;21.57
2017.06.28 19:30:58:423;27.48;21.57
2017.06.28 19:30:59:516;27.48;21.58
2017.06.28 19:31:00:609;27.48;21.58
2017.06.28 19:31:01:739;27.48;21.58
2017.06.28 19:31:02:865;27.48;21.58
2017.06.28 19:31:03:925;27.48;21.58
2017.06.28 19:31:05:012;27.48;21.57
2017.06.28 19:31:06:141;27.48;21.57
2017.06.28 19:31:07:269;27.48;21.57
2017.06.28 19:31:08:330;27.48;21.57
2017.06.28 19:31:09:416;27.48;21.57
2017.06.28 19:31:10:553;27.48;21.57
2017.06.28 19:31:11:672;27.48;21.57
2017.06.28 19:31:12:801;27.48;21.57
2017.06.28 19:31:13:932;27.48;21.57
2017.06.28 19:31:15:001;27.48;21.57
2017.06.28 19:31:16:071;27.48;21.57
2017.06.28 19:31:17:131;27.48;21.57
2017.06.28 19:31:18:225;27.48;21.57
2017.06.28 19:31:19:351;27.48;21.57
2017.06.28 19:31:20:413;27.48;21.57
2017.06.28 19:31:21:474;27.48;21.57
2017.06.28 19:31:22:613;27.48;21.57
2017.06.28 19:31:23:664;27.48;21.58
2017.06.28 19:31:24:720;27.48;21.58
2017.06.28 19:31:25:800;27.48;21.58
2017.06.28 19:31:26:959;27.48;21.58
2017.06.28 19:31:28:056;27.49;21.58
2017.06.28 19:31:29:116;27.49;21.58
2017.06.28 19:31:30:209;27.49;21.58
2017.06.28 19:31:31:333;27.49;21.58
2017.06.28 19:31:32:395;27.49;21.58
2017.06.28 19:31:33:480;27.49;21.58
2017.06.28 19:31:34:610;27.49;21.58
2017.06.28 19:31:35:670;27.49;21.58
2017.06.28 19:31:36:756;27.49;21.58
2017.06.28 19:31:37:885;27.49;21.58
2017.06.28 19:31:39:012;27.49;21.58
2017.06.28 19:31:40:074;27.49;21.58
2017.06.28 19:31:41:139;27.49;21.58
2017.06.28 19:31:42:206;27.49;21.58
2017.06.28 19:31:43:314;27.5;21.59
2017.06.28 19:31:44:375;27.5;21.59
2017.06.28 19:31:45:471;27.5;21.59
2017.06.28 19:31:46:590;27.5;21.59
2017.06.28 19:31:47:716;27.5;21.59
2017.06.28 19:31:48:846;27.51;21.59
2017.06.28 19:31:49:909;27.51;21.59
2017.06.28 19:31:50:990;27.51;21.6
2017.06.28 19:31:52:053;27.51;21.6
2017.06.28 19:31:53:114;27.51;21.6
2017.06.28 19:31:54:165;27.51;21.6
2017.06.28 19:31:55:294;27.51;21.6
2017.06.28 19:31:56:354;27.51;21.6
2017.06.28 19:31:57:442;27.51;21.6
2017.06.28 19:31:58:572;27.51;21.6
2017.06.28 19:31:59:698;27.51;21.6
2017.06.28 19:32:00:777;27.51;21.6
2017.06.28 19:32:01:873;27.51;21.6
2017.06.28 19:32:02:932;27.51;21.6
2017.06.28 19:32:03:995;27.51;21.6
2017.06.28 19:32:05:124;27.52;21.6
2017.06.28 19:32:06:251;27.52;21.6
2017.06.28 19:32:07:378;27.52;21.6
2017.06.28 19:32:08:439;27.52;21.61
2017.06.28 19:32:09:524;27.52;21.61
2017.06.28 19:32:10:586;27.52;21.61
2017.06.28 19:32:11:676;27.53;21.61
2017.06.28 19:32:12:804;27.53;21.61
2017.06.28 19:32:13:864;27.53;21.61
2017.06.28 19:32:14:927;27.53;21.61
2017.06.28 19:32:15:989;27.53;21.61
2017.06.28 19:32:17:050;27.53;21.61
2017.06.28 19:32:18:126;27.53;21.61
2017.06.28 19:32:19:255;27.53;21.61
2017.06.28 19:32:20:316;27.53;21.61
2017.06.28 19:32:21:403;27.53;21.61
2017.06.28 19:32:22:496;27.53;21.61
2017.06.28 19:32:23:659;27.53;21.61
2017.06.28 19:32:24:757;27.54;21.62
2017.06.28 19:32:25:911;27.54;21.62
2017.06.28 19:32:27:038;27.54;21.62
2017.06.28 19:32:28:163;27.54;21.62
2017.06.28 19:32:29:224;27.54;21.62
2017.06.28 19:32:30:311;27.54;21.62
2017.06.28 19:32:31:442;27.53;21.62
2017.06.28 19:32:32:566;27.53;21.61
2017.06.28 19:32:33:694;27.53;21.61
2017.06.28 19:32:34:754;27.53;21.61
2017.06.28 19:32:35:815;27.53;21.61
2017.06.28 19:32:36:883;27.52;21.61
2017.06.28 19:32:37:994;27.52;21.6
2017.06.28 19:32:39:056;27.52;21.6
2017.06.28 19:32:40:141;27.51;21.6
2017.06.28 19:32:41:204;27.51;21.6
2017.06.28 19:32:42:292;27.51;21.6
2017.06.28 19:32:43:422;27.51;21.59
2017.06.28 19:32:44:500;27.51;21.59
2017.06.28 19:32:45:569;27.51;21.6
2017.06.28 19:32:46:700;27.51;21.59
2017.06.28 19:32:47:765;27.51;21.59
2017.06.28 19:32:48:825;27.5;21.59
2017.06.28 19:32:49:974;27.5;21.59
2017.06.28 19:32:51:101;27.5;21.59
2017.06.28 19:32:52:228;27.5;21.59
2017.06.28 19:32:53:355;27.5;21.59
2017.06.28 19:32:54:414;27.5;21.59
2017.06.28 19:32:55:504;27.5;21.59
2017.06.28 19:32:56:631;27.5;21.59
2017.06.28 19:32:57:757;27.51;21.59
2017.06.28 19:32:58:883;27.51;21.6
2017.06.28 19:33:00:010;27.51;21.6
2017.06.28 19:33:01:083;27.51;21.6
2017.06.28 19:33:02:264;27.51;21.6
2017.06.28 19:33:03:388;27.51;21.6
2017.06.28 19:33:04:449;27.52;21.6
2017.06.28 19:33:05:513;27.52;21.61
2017.06.28 19:33:06:592;27.52;21.61
2017.06.28 19:33:07:656;27.53;21.61
2017.06.28 19:33:08:817;27.53;21.61
2017.06.28 19:33:09:943;27.53;21.61
2017.06.28 19:33:11:068;27.53;21.61
2017.06.28 19:33:12:130;27.53;21.61
2017.06.28 19:33:13:217;27.53;21.61
2017.06.28 19:33:14:278;27.54;21.62
2017.06.28 19:33:15:473;27.54;21.62
2017.06.28 19:33:16:534;27.54;21.62
2017.06.28 19:33:17:620;27.54;21.62
2017.06.28 19:33:18:749;27.54;21.62
2017.06.28 19:33:19:876;27.54;21.62
2017.06.28 19:33:20:939;27.55;21.62
2017.06.28 19:33:22:028;27.55;21.62
2017.06.28 19:33:23:153;27.55;21.63
2017.06.28 19:33:24:280;27.55;21.63
2017.06.28 19:33:25:406;27.55;21.63
2017.06.28 19:33:26:485;27.55;21.63
2017.06.28 19:33:27:660;27.55;21.63
2017.06.28 19:33:28:784;27.55;21.63
2017.06.28 19:33:29:911;27.55;21.63
2017.06.28 19:33:31:037;27.55;21.63
2017.06.28 19:33:32:098;27.55;21.63
2017.06.28 19:33:33:162;27.55;21.63
2017.06.28 19:33:34:314;27.55;21.63
2017.06.28 19:33:35:441;27.55;21.63
2017.06.28 19:33:36:503;27.55;21.63
2017.06.28 19:33:37:564;27.55;21.63
2017.06.28 19:33:38:717;27.55;21.63
2017.06.28 19:33:39:844;27.55;21.63
2017.06.28 19:33:40:970;27.55;21.63
2017.06.28 19:33:42:096;27.55;21.63
2017.06.28 19:33:43:224;27.55;21.63
2017.06.28 19:33:44:285;27.55;21.63
2017.06.28 19:33:45:371;27.55;21.63
2017.06.28 19:33:46:500;27.55;21.63
2017.06.28 19:33:47:626;27.55;21.63
2017.06.28 19:33:48:753;27.56;21.63
2017.06.28 19:33:49:878;27.56;21.63
2017.06.28 19:33:51:027;27.56;21.63
2017.06.28 19:33:52:132;27.56;21.64
2017.06.28 19:33:53:259;27.56;21.64
2017.06.28 19:33:54:319;27.56;21.64
2017.06.28 19:33:55:406;27.56;21.64
2017.06.28 19:33:56:532;27.56;21.64
2017.06.28 19:33:57:665;27.56;21.63
2017.06.28 19:33:58:787;27.56;21.63
2017.06.28 19:33:59:913;27.56;21.63
2017.06.28 19:34:00:978;27.56;21.63
2017.06.28 19:34:02:061;27.56;21.63
2017.06.28 19:34:03:121;27.56;21.63
2017.06.28 19:34:04:183;27.56;21.63
2017.06.28 19:34:05:244;27.56;21.63
2017.06.28 19:34:06:312;27.56;21.63
2017.06.28 19:34:07:374;27.56;21.63
2017.06.28 19:34:08:440;27.56;21.63
2017.06.28 19:34:09:539;27.56;21.63
2017.06.28 19:34:10:622;27.56;21.63
2017.06.28 19:34:11:716;27.56;21.63
2017.06.28 19:34:12:816;27.56;21.63
2017.06.28 19:34:13:879;27.56;21.63
2017.06.28 19:34:14:963;27.56;21.63
2017.06.28 19:34:16:031;27.55;21.63
2017.06.28 19:34:17:092;27.55;21.63
2017.06.28 19:34:18:156;27.55;21.62
2017.06.28 19:34:19:267;27.55;21.62
2017.06.28 19:34:20:394;27.54;21.62
2017.06.28 19:34:21:520;27.54;21.62
2017.06.28 19:34:22:626;27.54;21.62
2017.06.28 19:34:23:773;27.54;21.62
2017.06.28 19:34:24:830;27.54;21.62
2017.06.28 19:34:25:920;27.54;21.62
2017.06.28 19:34:27:052;27.54;21.62
2017.06.28 19:34:28:177;27.54;21.62
2017.06.28 19:34:29:238;27.54;21.62
2017.06.28 19:34:30:324;27.54;21.62
2017.06.28 19:34:31:452;27.54;21.62
2017.06.28 19:34:32:579;27.54;21.62
2017.06.28 19:34:33:705;27.54;21.62
2017.06.28 19:34:34:765;27.54;21.62
2017.06.28 19:34:35:853;27.53;21.62
2017.06.28 19:34:36:982;27.53;21.61
2017.06.28 19:34:38:125;27.53;21.61
2017.06.28 19:34:39:235;27.53;21.62
2017.06.28 19:34:40:362;27.53;21.62
2017.06.28 19:34:41:426;27.54;21.62
2017.06.28 19:34:42:486;27.54;21.62
2017.06.28 19:34:43:637;27.54;21.62
2017.06.28 19:34:44:699;27.54;21.62
2017.06.28 19:34:45:785;27.54;21.62
2017.06.28 19:34:46:915;27.54;21.62
2017.06.28 19:34:48:041;27.54;21.62
2017.06.28 19:34:49:155;27.54;21.62
2017.06.28 19:34:50:294;27.55;21.62
2017.06.28 19:34:51:420;27.55;21.63
2017.06.28 19:34:52:482;27.55;21.63
2017.06.28 19:34:53:568;27.55;21.63
2017.06.28 19:34:54:639;27.55;21.63
2017.06.28 19:34:55:699;27.55;21.63
2017.06.28 19:34:56:847;27.55;21.63
2017.06.28 19:34:57:974;27.56;21.63
2017.06.28 19:34:59:100;27.56;21.63
2017.06.28 19:35:00:162;27.56;21.63
2017.06.28 19:35:01:247;27.56;21.63
2017.06.28 19:35:02:377;27.56;21.64
2017.06.28 19:35:03:503;27.56;21.64
2017.06.28 19:35:04:630;27.56;21.64
2017.06.28 19:35:05:728;27.57;21.64
2017.06.28 19:35:06:883;27.57;21.64
2017.06.28 19:35:08:010;27.57;21.64
2017.06.28 19:35:09:135;27.57;21.64
2017.06.28 19:35:10:263;27.57;21.65
2017.06.28 19:35:11:387;27.58;21.65
2017.06.28 19:35:12:461;27.58;21.65
2017.06.28 19:35:13:535;27.58;21.65
2017.06.28 19:35:14:601;27.58;21.65
2017.06.28 19:35:15:686;27.59;21.65
2017.06.28 19:35:16:746;27.59;21.66
2017.06.28 19:35:17:837;27.59;21.66
2017.06.28 19:35:18:898;27.59;21.66
2017.06.28 19:35:19:986;27.6;21.66
2017.06.28 19:35:21:054;27.6;21.66
2017.06.28 19:35:22:137;27.6;21.66
2017.06.28 19:35:23:268;27.6;21.66
2017.06.28 19:35:24:314;27.6;21.66
2017.06.28 19:35:25:417;27.6;21.66
2017.06.28 19:35:26:478;27.6;21.66
2017.06.28 19:35:27:564;27.6;21.66
2017.06.28 19:35:28:676;27.6;21.66
2017.06.28 19:35:29:820;27.6;21.66
2017.06.28 19:35:30:946;27.6;21.66
2017.06.28 19:35:32:073;27.6;21.66
2017.06.28 19:35:33:200;27.59;21.66
2017.06.28 19:35:34:325;27.59;21.66
2017.06.28 19:35:35:452;27.59;21.66
2017.06.28 19:35:36:513;27.59;21.66
2017.06.28 19:35:37:575;27.59;21.66
2017.06.28 19:35:38:728;27.59;21.66
2017.06.28 19:35:39:854;27.59;21.66
2017.06.28 19:35:40:982;27.59;21.66
2017.06.28 19:35:42:107;27.58;21.65
2017.06.28 19:35:43:234;27.58;21.65
2017.06.28 19:35:44:361;27.58;21.65
2017.06.28 19:35:45:487;27.58;21.65
2017.06.28 19:35:46:548;27.59;21.65
2017.06.28 19:35:47:611;27.59;21.65
2017.06.28 19:35:48:763;27.59;21.65
2017.06.28 19:35:49:891;27.59;21.65
2017.06.28 19:35:50:952;27.59;21.65
2017.06.28 19:35:52:038;27.59;21.65
2017.06.28 19:35:53:167;27.59;21.66
2017.06.28 19:35:54:293;27.59;21.66
2017.06.28 19:35:55:353;27.59;21.66
2017.06.28 19:35:56:440;27.59;21.66
2017.06.28 19:35:57:501;27.59;21.66
2017.06.28 19:35:58:561;27.59;21.66
2017.06.28 19:35:59:721;27.59;21.66
2017.06.28 19:36:00:846;27.59;21.66
2017.06.28 19:36:01:974;27.59;21.66
2017.06.28 19:36:03:099;27.59;21.66
2017.06.28 19:36:04:225;27.59;21.66
2017.06.28 19:36:05:352;27.59;21.66
2017.06.28 19:36:06:412;27.59;21.66
2017.06.28 19:36:07:500;27.59;21.66
2017.06.28 19:36:08:629;27.59;21.66
2017.06.28 19:36:09:755;27.59;21.65
2017.06.28 19:36:10:815;27.59;21.65
2017.06.28 19:36:11:876;27.59;21.65
2017.06.28 19:36:12:937;27.59;21.65
2017.06.28 19:36:13:997;27.59;21.65
2017.06.28 19:36:15:057;27.59;21.65
2017.06.28 19:36:16:118;27.59;21.66
2017.06.28 19:36:17:178;27.59;21.66
2017.06.28 19:36:18:253;27.59;21.66
2017.06.28 19:36:19:314;27.59;21.66
2017.06.28 19:36:20:379;27.59;21.66
2017.06.28 19:36:21:524;27.59;21.66
2017.06.28 19:36:22:619;27.59;21.66
2017.06.28 19:36:23:784;27.59;21.66
2017.06.28 19:36:24:849;27.6;21.66
2017.06.28 19:36:25:932;27.6;21.66
2017.06.28 19:36:27:061;27.6;21.66
2017.06.28 19:36:28:188;27.6;21.67
2017.06.28 19:36:29:250;27.6;21.67
2017.06.28 19:36:30:334;27.61;21.67
2017.06.28 19:36:31:464;27.61;21.67
2017.06.28 19:36:32:591;27.61;21.67
2017.06.28 19:36:33:656;27.61;21.67
2017.06.28 19:36:34:718;27.62;21.68
2017.06.28 19:36:35:872;27.62;21.68
2017.06.28 19:36:36:932;27.62;21.68
2017.06.28 19:36:37:995;27.62;21.68
2017.06.28 19:36:39:144;27.62;21.68
2017.06.28 19:36:40:270;27.62;21.68
2017.06.28 19:36:41:397;27.62;21.68
2017.06.28 19:36:42:458;27.63;21.68
2017.06.28 19:36:43:649;27.63;21.69
2017.06.28 19:36:44:776;27.63;21.69
2017.06.28 19:36:45:837;27.63;21.69
2017.06.28 19:36:46:923;27.64;21.69
2017.06.28 19:36:48:052;27.64;21.69
2017.06.28 19:36:49:178;27.64;21.69
2017.06.28 19:36:50:252;27.64;21.7
2017.06.28 19:36:51:326;27.64;21.7
2017.06.28 19:36:52:387;27.64;21.7
2017.06.28 19:36:53:470;27.65;21.7
2017.06.28 19:36:54:606;27.65;21.7
2017.06.28 19:36:55:732;27.65;21.7
2017.06.28 19:36:56:792;27.65;21.7
2017.06.28 19:36:57:880;27.64;21.7
2017.06.28 19:36:59:009;27.64;21.7
2017.06.28 19:37:00:136;27.64;21.7
2017.06.28 19:37:01:262;27.64;21.7
2017.06.28 19:37:02:388;27.64;21.7
2017.06.28 19:37:03:514;27.65;21.7
2017.06.28 19:37:04:641;27.65;21.7
2017.06.28 19:37:05:767;27.65;21.7
2017.06.28 19:37:06:894;27.65;21.7
2017.06.28 19:37:08:021;27.65;21.7
2017.06.28 19:37:09:147;27.66;21.71
2017.06.28 19:37:10:210;27.66;21.71
2017.06.28 19:37:11:294;27.66;21.71
2017.06.28 19:37:12:423;27.66;21.71
2017.06.28 19:37:13:492;27.66;21.71
2017.06.28 19:37:14:555;27.67;21.71
2017.06.28 19:37:15:701;27.67;21.71
2017.06.28 19:37:16:767;27.67;21.72
2017.06.28 19:37:17:829;27.67;21.72
2017.06.28 19:37:18:890;27.67;21.72
2017.06.28 19:37:20:001;27.67;21.72
2017.06.28 19:37:21:127;27.67;21.72
2017.06.28 19:37:22:340;27.67;21.72
2017.06.28 19:37:23:483;27.67;21.72
2017.06.28 19:37:24:541;27.67;21.72
2017.06.28 19:37:25:630;27.67;21.72
2017.06.28 19:37:26:759;27.67;21.72
2017.06.28 19:37:27:839;27.67;21.72
2017.06.28 19:37:29:012;27.67;21.72
2017.06.28 19:37:30:074;27.68;21.72
2017.06.28 19:37:31:135;27.68;21.72
2017.06.28 19:37:32:201;27.68;21.72
2017.06.28 19:37:33:267;27.68;21.72
2017.06.28 19:37:34:440;27.68;21.72
2017.06.28 19:37:35:566;27.67;21.72
2017.06.28 19:37:36:624;27.67;21.72
2017.06.28 19:37:37:685;27.67;21.72
2017.06.28 19:37:38:844;27.67;21.72
2017.06.28 19:37:39:907;27.67;21.72
2017.06.28 19:37:40:982;27.67;21.72
2017.06.28 19:37:42:065;27.67;21.71
2017.06.28 19:37:43:139;27.67;21.71
2017.06.28 19:37:44:204;27.67;21.71
2017.06.28 19:37:45:291;27.66;21.71
2017.06.28 19:37:46:351;27.66;21.71
2017.06.28 19:37:47:412;27.66;21.71
2017.06.28 19:37:48:571;27.66;21.71
2017.06.28 19:37:49:697;27.66;21.71
2017.06.28 19:37:50:825;27.66;21.71
2017.06.28 19:37:51:950;27.66;21.71
2017.06.28 19:37:53:010;27.66;21.71
2017.06.28 19:37:54:060;27.66;21.71
2017.06.28 19:37:55:117;27.66;21.71
2017.06.28 19:37:56:248;27.66;21.71
2017.06.28 19:37:57:377;27.66;21.71
2017.06.28 19:37:58:439;27.66;21.71
2017.06.28 19:37:59:523;27.66;21.71
2017.06.28 19:38:00:655;27.65;21.71
2017.06.28 19:38:01:716;27.65;21.71
2017.06.28 19:38:02:801;27.65;21.7
2017.06.28 19:38:03:931;27.65;21.7
2017.06.28 19:38:05:057;27.65;21.7
2017.06.28 19:38:06:185;27.65;21.7
2017.06.28 19:38:07:247;27.65;21.7
2017.06.28 19:38:08:331;27.65;21.7
2017.06.28 19:38:09:460;27.65;21.7
2017.06.28 19:38:10:586;27.65;21.7
2017.06.28 19:38:11:647;27.65;21.7
2017.06.28 19:38:12:711;27.65;21.71
2017.06.28 19:38:13:772;27.65;21.71
2017.06.28 19:38:14:834;27.65;21.71
2017.06.28 19:38:15:909;27.66;21.71
2017.06.28 19:38:17:038;27.66;21.71
2017.06.28 19:38:18:165;27.66;21.71
2017.06.28 19:38:19:290;27.66;21.71
2017.06.28 19:38:20:358;27.66;21.71
2017.06.28 19:38:21:419;27.66;21.71
2017.06.28 19:38:22:484;27.66;21.71
2017.06.28 19:38:23:588;27.66;21.71
2017.06.28 19:38:24:683;27.66;21.71
2017.06.28 19:38:25:845;27.66;21.71
2017.06.28 19:38:26:906;27.66;21.71
2017.06.28 19:38:28:113;27.67;21.71
2017.06.28 19:38:29:224;27.67;21.72
2017.06.28 19:38:30:289;27.67;21.72
2017.06.28 19:38:31:485;27.67;21.72
2017.06.28 19:38:32:602;27.67;21.72
2017.06.28 19:38:33:729;27.67;21.72
2017.06.28 19:38:34:855;27.67;21.72
2017.06.28 19:38:35:981;27.67;21.72
2017.06.28 19:38:37:042;27.67;21.72
2017.06.28 19:38:38:107;27.68;21.72
2017.06.28 19:38:39:173;27.68;21.72
2017.06.28 19:38:40:283;27.68;21.72
2017.06.28 19:38:41:343;27.68;21.73
2017.06.28 19:38:42:431;27.68;21.73
2017.06.28 19:38:43:560;27.68;21.73
2017.06.28 19:38:44:685;27.69;21.73
2017.06.28 19:38:45:816;27.69;21.73
2017.06.28 19:38:46:924;27.69;21.73
2017.06.28 19:38:48:065;27.69;21.73
2017.06.28 19:38:49:190;27.69;21.73
2017.06.28 19:38:50:317;27.69;21.73
2017.06.28 19:38:51:444;27.69;21.73
2017.06.28 19:38:52:570;27.69;21.73
2017.06.28 19:38:53:724;27.69;21.73
2017.06.28 19:38:54:793;27.69;21.73
2017.06.28 19:38:55:949;27.69;21.73
2017.06.28 19:38:57:075;27.68;21.73
2017.06.28 19:38:58:205;27.68;21.72
2017.06.28 19:38:59:273;27.68;21.72
2017.06.28 19:39:00:349;27.68;21.72
2017.06.28 19:39:01:409;27.67;21.72
2017.06.28 19:39:02:500;27.67;21.72
2017.06.28 19:39:03:630;27.67;21.72
2017.06.28 19:39:04:755;27.67;21.72
2017.06.28 19:39:05:882;27.67;21.72
2017.06.28 19:39:06:945;27.67;21.72
2017.06.28 19:39:08:028;27.67;21.72
2017.06.28 19:39:09:159;27.67;21.72
2017.06.28 19:39:10:219;27.67;21.71
2017.06.28 19:39:11:306;27.67;21.71
2017.06.28 19:39:12:436;27.66;21.71
2017.06.28 19:39:13:561;27.66;21.71
2017.06.28 19:39:14:688;27.66;21.71
2017.06.28 19:39:15:815;27.66;21.71
2017.06.28 19:39:16:876;27.67;21.71
2017.06.28 19:39:17:972;27.67;21.71
2017.06.28 19:39:19:036;27.67;21.71
2017.06.28 19:39:20:112;27.67;21.71
2017.06.28 19:39:21:242;27.67;21.71
2017.06.28 19:39:22:365;27.67;21.71
2017.06.28 19:39:23:494;27.67;21.71
2017.06.28 19:39:24:547;27.67;21.71
2017.06.28 19:39:25:646;27.67;21.71
2017.06.28 19:39:26:772;27.67;21.71
2017.06.28 19:39:27:898;27.67;21.71
2017.06.28 19:39:29:024;27.67;21.71
2017.06.28 19:39:30:150;27.66;21.71
2017.06.28 19:39:31:210;27.66;21.71
2017.06.28 19:39:32:301;27.66;21.71
2017.06.28 19:39:33:361;27.66;21.71
2017.06.28 19:39:34:449;27.66;21.71
2017.06.28 19:39:35:510;27.66;21.71
2017.06.28 19:39:36:570;27.66;21.71
2017.06.28 19:39:37:632;27.66;21.71
2017.06.28 19:39:38:752;27.66;21.71
2017.06.28 19:39:39:882;27.66;21.71
2017.06.28 19:39:40:965;27.66;21.71
2017.06.28 19:39:42:155;27.66;21.71
2017.06.28 19:39:43:360;27.66;21.71
2017.06.28 19:39:44:469;27.66;21.71
2017.06.28 19:39:45:615;27.66;21.71
2017.06.28 19:39:46:740;27.66;21.71
2017.06.28 19:39:47:866;27.66;21.71
2017.06.28 19:39:48:995;27.66;21.71
2017.06.28 19:39:50:119;27.66;21.71
2017.06.28 19:39:51:245;27.66;21.71
2017.06.28 19:39:52:371;27.67;21.71
2017.06.28 19:39:53:431;27.67;21.71
2017.06.28 19:39:54:519;27.67;21.72
2017.06.28 19:39:55:648;27.67;21.72
2017.06.28 19:39:56:708;27.67;21.72
2017.06.28 19:39:57:769;27.67;21.71
2017.06.28 19:39:58:925;27.67;21.71
2017.06.28 19:40:00:051;27.67;21.72
2017.06.28 19:40:01:178;27.67;21.72
2017.06.28 19:40:02:331;27.67;21.72
2017.06.28 19:40:03:399;27.67;21.72
2017.06.28 19:40:04:557;27.67;21.72
2017.06.28 19:40:05:684;27.67;21.72
2017.06.28 19:40:06:744;27.67;21.72
2017.06.28 19:40:07:830;27.67;21.72
2017.06.28 19:40:08:960;27.67;21.72
2017.06.28 19:40:10:099;27.67;21.72
2017.06.28 19:40:11:200;27.67;21.72
2017.06.28 19:40:12:339;27.67;21.72
2017.06.28 19:40:13:402;27.67;21.72
2017.06.28 19:40:14:463;27.67;21.72
2017.06.28 19:40:15:529;27.67;21.72
2017.06.28 19:40:16:641;27.67;21.72
2017.06.28 19:40:17:766;27.67;21.72
2017.06.28 19:40:18:830;27.67;21.71
2017.06.28 19:40:19:914;27.66;21.71
2017.06.28 19:40:21:145;27.66;21.71
2017.06.28 19:40:22:206;27.66;21.71
2017.06.28 19:40:23:262;27.66;21.71
2017.06.28 19:40:24:308;27.66;21.71
2017.06.28 19:40:25:437;27.66;21.71
2017.06.28 19:40:26:582;27.66;21.71
2017.06.28 19:40:27:702;27.66;21.71
2017.06.28 19:40:28:825;27.66;21.71
2017.06.28 19:40:29:951;27.65;21.71
2017.06.28 19:40:31:014;27.65;21.71
2017.06.28 19:40:32:075;27.65;21.7
2017.06.28 19:40:33:228;27.65;21.7
2017.06.28 19:40:34:306;27.65;21.7
2017.06.28 19:40:35:376;27.65;21.7
2017.06.28 19:40:36:436;27.65;21.7
2017.06.28 19:40:37:496;27.65;21.7
2017.06.28 19:40:38:656;27.65;21.7
2017.06.28 19:40:39:782;27.65;21.7
2017.06.28 19:40:40:843;27.65;21.7
2017.06.28 19:40:41:904;27.65;21.7
2017.06.28 19:40:42:963;27.65;21.7
2017.06.28 19:40:44:026;27.65;21.7
2017.06.28 19:40:45:089;27.65;21.7
2017.06.28 19:40:46:235;27.65;21.7
2017.06.28 19:40:47:294;27.65;21.7
2017.06.28 19:40:48:381;27.65;21.7
2017.06.28 19:40:49:442;27.65;21.7
2017.06.28 19:40:50:508;27.65;21.7
2017.06.28 19:40:51:661;27.65;21.7
2017.06.28 19:40:52:786;27.65;21.7
2017.06.28 19:40:53:851;27.65;21.7
2017.06.28 19:40:54:919;27.65;21.7
2017.06.28 19:40:56:064;27.65;21.7
2017.06.28 19:40:57:124;27.65;21.7
2017.06.28 19:40:58:211;27.65;21.7
2017.06.28 19:40:59:342;27.65;21.7
2017.06.28 19:41:00:467;27.65;21.7
2017.06.28 19:41:01:594;27.65;21.7
2017.06.28 19:41:02:720;27.65;21.7
2017.06.28 19:41:03:804;27.65;21.7
2017.06.28 19:41:04:864;27.65;21.7
2017.06.28 19:41:05:996;27.65;21.7
2017.06.28 19:41:07:124;27.64;21.7
2017.06.28 19:41:08:250;27.64;21.69
2017.06.28 19:41:09:376;27.64;21.69
2017.06.28 19:41:10:471;27.63;21.69
2017.06.28 19:41:11:629;27.63;21.69
2017.06.28 19:41:12:756;27.63;21.69
2017.06.28 19:41:13:881;27.63;21.69
2017.06.28 19:41:15:008;27.63;21.68
2017.06.28 19:41:16:134;27.62;21.68
2017.06.28 19:41:17:195;27.62;21.68
2017.06.28 19:41:18:281;27.62;21.68
2017.06.28 19:41:19:342;27.61;21.67
2017.06.28 19:41:20:402;27.61;21.67
2017.06.28 19:41:21:560;27.61;21.67
2017.06.28 19:41:22:756;27.61;21.67
2017.06.28 19:41:23:917;27.61;21.67
2017.06.28 19:41:25:043;27.61;21.67
2017.06.28 19:41:26:170;27.61;21.67
2017.06.28 19:41:27:295;27.61;21.67
2017.06.28 19:41:28:422;27.61;21.67
2017.06.28 19:41:29:548;27.61;21.67
2017.06.28 19:41:30:662;27.61;21.67
2017.06.28 19:41:31:802;27.6;21.67
2017.06.28 19:41:32:928;27.6;21.67
2017.06.28 19:41:34:055;27.6;21.67
2017.06.28 19:41:35:116;27.6;21.67
2017.06.28 19:41:36:202;27.6;21.67
2017.06.28 19:41:37:332;27.6;21.67
2017.06.28 19:41:38:458;27.6;21.67
2017.06.28 19:41:39:519;27.6;21.67
2017.06.28 19:41:40:580;27.6;21.67
2017.06.28 19:41:41:641;27.6;21.66
2017.06.28 19:41:42:708;27.59;21.66
2017.06.28 19:41:43:779;27.59;21.66
2017.06.28 19:41:44:909;27.59;21.66
2017.06.28 19:41:46:035;27.59;21.65
2017.06.28 19:41:47:096;27.58;21.65
2017.06.28 19:41:48:182;27.58;21.65
2017.06.28 19:41:49:294;27.58;21.65
2017.06.28 19:41:50:438;27.58;21.65
2017.06.28 19:41:51:564;27.57;21.65
2017.06.28 19:41:52:623;27.57;21.64
2017.06.28 19:41:53:817;27.57;21.64
2017.06.28 19:41:54:943;27.57;21.64
2017.06.28 19:41:56:079;27.57;21.64
2017.06.28 19:41:57:139;27.57;21.64
2017.06.28 19:41:58:217;27.57;21.64
2017.06.28 19:41:59:279;27.57;21.64
2017.06.28 19:42:00:375;27.56;21.64
2017.06.28 19:42:01:436;27.56;21.64
2017.06.28 19:42:02:501;27.56;21.64
2017.06.28 19:42:03:648;27.56;21.64
2017.06.28 19:42:04:774;27.56;21.64
2017.06.28 19:42:05:835;27.56;21.64
2017.06.28 19:42:06:922;27.56;21.64
2017.06.28 19:42:08:051;27.57;21.64
2017.06.28 19:42:09:177;27.57;21.64
2017.06.28 19:42:10:238;27.57;21.64
2017.06.28 19:42:11:300;27.57;21.64
2017.06.28 19:42:12:362;27.57;21.64
2017.06.28 19:42:13:478;27.57;21.64
2017.06.28 19:42:14:544;27.57;21.65
2017.06.28 19:42:15:606;27.58;21.65
2017.06.28 19:42:16:688;27.58;21.65
2017.06.28 19:42:17:776;27.58;21.65
2017.06.28 19:42:18:905;27.58;21.65
2017.06.28 19:42:20:012;27.58;21.65
2017.06.28 19:42:21:158;27.59;21.65
2017.06.28 19:42:22:350;27.59;21.66
2017.06.28 19:42:23:405;27.59;21.66
2017.06.28 19:42:24:537;27.59;21.66
2017.06.28 19:42:25:663;27.59;21.66
2017.06.28 19:42:26:790;27.6;21.66
2017.06.28 19:42:27:916;27.6;21.66
2017.06.28 19:42:29:042;27.6;21.66
2017.06.28 19:42:30:169;27.6;21.66
2017.06.28 19:42:31:231;27.6;21.66
2017.06.28 19:42:32:319;27.6;21.66
2017.06.28 19:42:33:446;27.6;21.67
2017.06.28 19:42:34:573;27.6;21.67
2017.06.28 19:42:35:698;27.61;21.67
2017.06.28 19:42:36:826;27.61;21.67
2017.06.28 19:42:37:888;27.61;21.67
2017.06.28 19:42:38:973;27.61;21.67
2017.06.28 19:42:40:034;27.61;21.67
2017.06.28 19:42:41:122;27.61;21.67
2017.06.28 19:42:42:186;27.61;21.67
2017.06.28 19:42:43:274;27.61;21.67
2017.06.28 19:42:44:338;27.61;21.67
2017.06.28 19:42:45:401;27.61;21.67
2017.06.28 19:42:46:467;27.61;21.67
2017.06.28 19:42:47:577;27.61;21.67
2017.06.28 19:42:48:639;27.61;21.67
2017.06.28 19:42:49:724;27.6;21.67
2017.06.28 19:42:50:854;27.6;21.67
2017.06.28 19:42:51:941;27.6;21.67
2017.06.28 19:42:53:107;27.6;21.67
2017.06.28 19:42:54:233;27.6;21.67
2017.06.28 19:42:55:359;27.61;21.67
2017.06.28 19:42:56:486;27.6;21.67
2017.06.28 19:42:57:549;27.6;21.67
2017.06.28 19:42:58:633;27.6;21.67
2017.06.28 19:42:59:763;27.6;21.67
2017.06.28 19:43:00:889;27.6;21.67
2017.06.28 19:43:02:016;27.61;21.67
2017.06.28 19:43:03:142;27.61;21.67
2017.06.28 19:43:04:267;27.61;21.67
2017.06.28 19:43:05:394;27.61;21.67
2017.06.28 19:43:06:455;27.61;21.67
2017.06.28 19:43:07:541;27.61;21.67
2017.06.28 19:43:08:671;27.61;21.67
2017.06.28 19:43:09:731;27.61;21.67
2017.06.28 19:43:10:793;27.61;21.67
2017.06.28 19:43:11:948;27.61;21.67
2017.06.28 19:43:13:074;27.61;21.67
2017.06.28 19:43:14:204;27.61;21.67
2017.06.28 19:43:15:327;27.61;21.67
2017.06.28 19:43:16:453;27.61;21.67
2017.06.28 19:43:17:517;27.61;21.67
2017.06.28 19:43:18:601;27.62;21.68
2017.06.28 19:43:19:731;27.62;21.68
2017.06.28 19:43:20:858;27.62;21.68
2017.06.28 19:43:21:983;27.62;21.68
2017.06.28 19:43:23:082;27.62;21.68
2017.06.28 19:43:24:235;27.62;21.68
2017.06.28 19:43:25:362;27.62;21.68
2017.06.28 19:43:26:490;27.63;21.68
2017.06.28 19:43:27:614;27.63;21.68
2017.06.28 19:43:28:741;27.63;21.69
2017.06.28 19:43:29:868;27.63;21.69
2017.06.28 19:43:30:994;27.63;21.69
2017.06.28 19:43:32:054;27.63;21.69
2017.06.28 19:43:33:141;27.63;21.69
2017.06.28 19:43:34:315;27.63;21.69
2017.06.28 19:43:35:458;27.63;21.69
2017.06.28 19:43:36:518;27.63;21.69
2017.06.28 19:43:37:650;27.63;21.69
2017.06.28 19:43:38:711;27.63;21.69
2017.06.28 19:43:39:797;27.63;21.69
2017.06.28 19:43:40:909;27.63;21.69
2017.06.28 19:43:41:972;27.63;21.69
2017.06.28 19:43:43:078;27.63;21.69
2017.06.28 19:43:44:204;27.63;21.69
2017.06.28 19:43:45:330;27.63;21.69
2017.06.28 19:43:46:395;27.64;21.69
2017.06.28 19:43:47:583;27.64;21.69
2017.06.28 19:43:48:709;27.64;21.69
2017.06.28 19:43:49:773;27.64;21.69
2017.06.28 19:43:50:857;27.64;21.69
2017.06.28 19:43:51:920;27.64;21.69
2017.06.28 19:43:53:030;27.64;21.69
2017.06.28 19:43:54:137;27.64;21.69
2017.06.28 19:43:55:262;27.64;21.69
2017.06.28 19:43:56:324;27.64;21.69
2017.06.28 19:43:57:415;27.64;21.69
2017.06.28 19:43:58:476;27.64;21.69
2017.06.28 19:43:59:561;27.64;21.69
2017.06.28 19:44:00:691;27.64;21.69
2017.06.28 19:44:01:820;27.64;21.69
2017.06.28 19:44:02:943;27.64;21.69
2017.06.28 19:44:04:069;27.64;21.69
2017.06.28 19:44:05:146;27.64;21.69
2017.06.28 19:44:06:218;27.64;21.69
2017.06.28 19:44:07:346;27.64;21.69
2017.06.28 19:44:08:412;27.64;21.69
2017.06.28 19:44:09:494;27.64;21.69
2017.06.28 19:44:10:560;27.64;21.69
2017.06.28 19:44:11:644;27.64;21.69
2017.06.28 19:44:12:704;27.64;21.69
2017.06.28 19:44:13:766;27.64;21.69
2017.06.28 19:44:14:924;27.64;21.69
2017.06.28 19:44:16:050;27.64;21.69
2017.06.28 19:44:17:116;27.64;21.69
2017.06.28 19:44:18:202;27.64;21.69
2017.06.28 19:44:19:262;27.64;21.69
2017.06.28 19:44:20:324;27.64;21.7
2017.06.28 19:44:21:477;27.64;21.7
2017.06.28 19:44:22:759;27.64;21.7
2017.06.28 19:44:23:830;27.65;21.7
2017.06.28 19:44:24:958;27.65;21.7
2017.06.28 19:44:26:059;27.65;21.7
2017.06.28 19:44:27:212;27.65;21.7
2017.06.28 19:44:28:274;27.65;21.7
2017.06.28 19:44:29:359;27.65;21.71
2017.06.28 19:44:30:489;27.66;21.71
2017.06.28 19:44:31:614;27.66;21.71
2017.06.28 19:44:32:741;27.66;21.71
2017.06.28 19:44:33:868;27.66;21.71
2017.06.28 19:44:34:931;27.66;21.71
2017.06.28 19:44:36:015;27.66;21.71
2017.06.28 19:44:37:079;27.66;21.71
2017.06.28 19:44:38:150;27.66;21.71
2017.06.28 19:44:39:212;27.66;21.71
2017.06.28 19:44:40:414;27.66;21.71
2017.06.28 19:44:41:548;27.66;21.71
2017.06.28 19:44:42:673;27.67;21.71
2017.06.28 19:44:43:801;27.67;21.71
2017.06.28 19:44:44:862;27.66;21.71
2017.06.28 19:44:45:950;27.66;21.71
2017.06.28 19:44:47:078;27.66;21.71
2017.06.28 19:44:48:204;27.66;21.71
2017.06.28 19:44:49:330;27.66;21.71
2017.06.28 19:44:50:456;27.66;21.71
2017.06.28 19:44:51:518;27.66;21.71
2017.06.28 19:44:52:607;27.66;21.71
2017.06.28 19:44:53:732;27.66;21.71
2017.06.28 19:44:54:795;27.66;21.71
2017.06.28 19:44:55:881;27.66;21.71
2017.06.28 19:44:57:012;27.66;21.71
2017.06.28 19:44:58:139;27.66;21.71
2017.06.28 19:44:59:201;27.66;21.71
2017.06.28 19:45:00:284;27.66;21.71
2017.06.28 19:45:01:413;27.66;21.71
2017.06.28 19:45:02:549;27.66;21.71
2017.06.28 19:45:03:666;27.66;21.71
2017.06.28 19:45:04:792;27.66;21.71
2017.06.28 19:45:05:854;27.66;21.71
2017.06.28 19:45:06:939;27.66;21.71
2017.06.28 19:45:08:070;27.66;21.71
2017.06.28 19:45:09:196;27.66;21.71
2017.06.28 19:45:10:321;27.66;21.71
2017.06.28 19:45:11:449;27.67;21.71
2017.06.28 19:45:12:510;27.67;21.71
2017.06.28 19:45:13:596;27.67;21.72
2017.06.28 19:45:14:725;27.67;21.72
2017.06.28 19:45:15:825;27.67;21.72
2017.06.28 19:45:16:890;27.67;21.72
2017.06.28 19:45:18:002;27.67;21.72
2017.06.28 19:45:19:063;27.67;21.72
2017.06.28 19:45:20:150;27.67;21.72
2017.06.28 19:45:21:279;27.67;21.72
2017.06.28 19:45:22:357;27.67;21.72
2017.06.28 19:45:23:408;27.67;21.72
2017.06.28 19:45:24:453;27.67;21.72
2017.06.28 19:45:25:580;27.67;21.72
2017.06.28 19:45:26:642;27.67;21.72
2017.06.28 19:45:27:753;27.67;21.72
2017.06.28 19:45:28:816;27.67;21.72
2017.06.28 19:45:29:983;27.67;21.72
2017.06.28 19:45:31:110;27.67;21.72
2017.06.28 19:45:32:237;27.67;21.72
2017.06.28 19:45:33:299;27.67;21.71
2017.06.28 19:45:34:361;27.66;21.71
2017.06.28 19:45:35:513;27.66;21.71
2017.06.28 19:45:36:578;27.66;21.71
2017.06.28 19:45:37:660;27.66;21.71
2017.06.28 19:45:38:723;27.65;21.71
2017.06.28 19:45:39:809;27.65;21.7
2017.06.28 19:45:40:940;27.65;21.7
2017.06.28 19:45:42:066;27.65;21.7
2017.06.28 19:45:43:193;27.64;21.7
2017.06.28 19:45:44:267;27.64;21.7
2017.06.28 19:45:45:450;27.64;21.7
2017.06.28 19:45:46:571;27.64;21.7
2017.06.28 19:45:47:702;27.64;21.7
2017.06.28 19:45:48:824;27.64;21.7
2017.06.28 19:45:49:951;27.64;21.7
2017.06.28 19:45:51:075;27.64;21.7
2017.06.28 19:45:52:138;27.64;21.7
2017.06.28 19:45:53:225;27.64;21.7
2017.06.28 19:45:54:392;27.64;21.69
2017.06.28 19:45:55:452;27.64;21.69
2017.06.28 19:45:56:516;27.64;21.69
2017.06.28 19:45:57:631;27.64;21.69
2017.06.28 19:45:58:757;27.64;21.69
2017.06.28 19:45:59:884;27.64;21.69
2017.06.28 19:46:00:945;27.64;21.7
2017.06.28 19:46:02:032;27.64;21.7
2017.06.28 19:46:03:160;27.64;21.7
2017.06.28 19:46:04:222;27.65;21.7
2017.06.28 19:46:05:307;27.65;21.7
2017.06.28 19:46:06:374;27.64;21.7
2017.06.28 19:46:07:458;27.65;21.7
2017.06.28 19:46:08:520;27.65;21.7
2017.06.28 19:46:09:608;27.65;21.7
2017.06.28 19:46:10:671;27.65;21.7
2017.06.28 19:46:11:759;27.65;21.7
2017.06.28 19:46:12:832;27.65;21.7
2017.06.28 19:46:13:893;27.65;21.7
2017.06.28 19:46:15:038;27.65;21.7
2017.06.28 19:46:16:165;27.65;21.7
2017.06.28 19:46:17:292;27.64;21.7
2017.06.28 19:46:18:354;27.64;21.7
2017.06.28 19:46:19:439;27.64;21.7
2017.06.28 19:46:20:568;27.64;21.7
2017.06.28 19:46:21:695;27.64;21.69
2017.06.28 19:46:22:896;27.64;21.69
2017.06.28 19:46:24:050;27.64;21.7
2017.06.28 19:46:25:112;27.64;21.7
2017.06.28 19:46:26:196;27.64;21.7
2017.06.28 19:46:27:323;27.64;21.7
2017.06.28 19:46:28:453;27.64;21.7
2017.06.28 19:46:29:579;27.64;21.7
2017.06.28 19:46:30:706;27.64;21.7
2017.06.28 19:46:31:831;27.64;21.7
2017.06.28 19:46:32:894;27.64;21.69
2017.06.28 19:46:33:957;27.64;21.69
2017.06.28 19:46:35:167;27.64;21.69
2017.06.28 19:46:36:341;27.64;21.69
2017.06.28 19:46:37:433;27.64;21.69
2017.06.28 19:46:38:497;27.64;21.69
2017.06.28 19:46:39:804;27.64;21.69
2017.06.28 19:46:40:964;27.63;21.69
2017.06.28 19:46:42:076;27.64;21.69
2017.06.28 19:46:43:247;27.64;21.69
2017.06.28 19:46:44:321;27.64;21.69
2017.06.28 19:46:45:384;27.64;21.69
2017.06.28 19:46:46:471;27.64;21.69
2017.06.28 19:46:47:534;27.64;21.69
2017.06.28 19:46:48:621;27.63;21.69
2017.06.28 19:46:49:685;27.63;21.69
2017.06.28 19:46:50:773;27.63;21.69
2017.06.28 19:46:51:901;27.63;21.69
2017.06.28 19:46:53:028;27.63;21.69
2017.06.28 19:46:54:105;27.63;21.69
2017.06.28 19:46:55:281;27.63;21.69
2017.06.28 19:46:56:407;27.63;21.68
2017.06.28 19:46:57:534;27.62;21.68
2017.06.28 19:46:58:660;27.62;21.68
2017.06.28 19:46:59:787;27.62;21.68
2017.06.28 19:47:00:913;27.62;21.68
2017.06.28 19:47:02:053;27.62;21.68
2017.06.28 19:47:03:114;27.62;21.68
2017.06.28 19:47:04:181;27.62;21.68
2017.06.28 19:47:05:317;27.62;21.68
2017.06.28 19:47:06:379;27.62;21.68
2017.06.28 19:47:07:464;27.62;21.68
2017.06.28 19:47:08:528;27.62;21.68
2017.06.28 19:47:09:618;27.62;21.68
2017.06.28 19:47:10:744;27.62;21.68
2017.06.28 19:47:11:807;27.62;21.68
2017.06.28 19:47:12:890;27.63;21.68
2017.06.28 19:47:14:021;27.63;21.68
2017.06.28 19:47:15:146;27.63;21.69
2017.06.28 19:47:16:273;27.63;21.69
2017.06.28 19:47:17:334;27.63;21.69
2017.06.28 19:47:18:420;27.63;21.69
2017.06.28 19:47:19:549;27.63;21.69
2017.06.28 19:47:20:677;27.63;21.69
2017.06.28 19:47:21:813;27.63;21.69
2017.06.28 19:47:22:900;27.63;21.69
2017.06.28 19:47:24:056;27.63;21.69
2017.06.28 19:47:25:115;27.64;21.69
2017.06.28 19:47:26:175;27.64;21.69
2017.06.28 19:47:27:238;27.64;21.69
2017.06.28 19:47:28:356;27.64;21.69
2017.06.28 19:47:29:483;27.64;21.69
2017.06.28 19:47:30:566;27.64;21.69
2017.06.28 19:47:31:735;27.64;21.69
2017.06.28 19:47:32:797;27.64;21.69
2017.06.28 19:47:33:883;27.64;21.69
2017.06.28 19:47:35:023;27.64;21.69
2017.06.28 19:47:36:138;27.64;21.69
2017.06.28 19:47:37:265;27.64;21.69
2017.06.28 19:47:38:328;27.64;21.69
2017.06.28 19:47:39:388;27.64;21.7
2017.06.28 19:47:40:541;27.64;21.7
2017.06.28 19:47:41:668;27.64;21.7
2017.06.28 19:47:42:794;27.64;21.7
2017.06.28 19:47:43:921;27.64;21.7
2017.06.28 19:47:45:046;27.65;21.7
2017.06.28 19:47:46:110;27.64;21.7
2017.06.28 19:47:47:194;27.64;21.7
2017.06.28 19:47:48:323;27.64;21.7
2017.06.28 19:47:49:450;27.64;21.69
2017.06.28 19:47:50:511;27.64;21.69
2017.06.28 19:47:51:597;27.63;21.69
2017.06.28 19:47:52:662;27.63;21.69
2017.06.28 19:47:53:732;27.63;21.69
2017.06.28 19:47:54:877;27.63;21.69
2017.06.28 19:47:56:004;27.63;21.69
2017.06.28 19:47:57:114;27.63;21.68
2017.06.28 19:47:58:260;27.63;21.68
2017.06.28 19:47:59:324;27.63;21.68
2017.06.28 19:48:00:385;27.63;21.68
2017.06.28 19:48:01:448;27.63;21.68
2017.06.28 19:48:02:511;27.63;21.68
2017.06.28 19:48:03:573;27.63;21.68
2017.06.28 19:48:04:708;27.63;21.68
2017.06.28 19:48:05:834;27.63;21.69
2017.06.28 19:48:06:960;27.63;21.69
2017.06.28 19:48:08:087;27.63;21.69
2017.06.28 19:48:09:216;27.63;21.69
2017.06.28 19:48:10:278;27.63;21.69
2017.06.28 19:48:11:340;27.63;21.69
2017.06.28 19:48:12:489;27.63;21.69
2017.06.28 19:48:13:617;27.62;21.68
2017.06.28 19:48:14:679;27.62;21.68
2017.06.28 19:48:15:772;27.61;21.68
2017.06.28 19:48:16:886;27.61;21.67
2017.06.28 19:48:18:035;27.61;21.67
2017.06.28 19:48:19:095;27.61;21.67
2017.06.28 19:48:20:167;27.61;21.67
2017.06.28 19:48:21:296;27.61;21.67
2017.06.28 19:48:22:496;27.61;21.67
2017.06.28 19:48:23:547;27.61;21.68
2017.06.28 19:48:24:636;27.62;21.68
2017.06.28 19:48:25:802;27.62;21.68
2017.06.28 19:48:26:928;27.62;21.68
2017.06.28 19:48:27:990;27.63;21.68
2017.06.28 19:48:29:077;27.63;21.69
2017.06.28 19:48:30:308;27.63;21.69
2017.06.28 19:48:31:434;27.63;21.69
2017.06.28 19:48:32:560;27.63;21.69
2017.06.28 19:48:33:651;27.63;21.69
2017.06.28 19:48:34:713;27.63;21.68
2017.06.28 19:48:35:776;27.63;21.68
2017.06.28 19:48:36:857;27.63;21.68
2017.06.28 19:48:37:987;27.63;21.68
2017.06.28 19:48:39:114;27.62;21.68
2017.06.28 19:48:40:241;27.63;21.68
2017.06.28 19:48:41:305;27.63;21.68
2017.06.28 19:48:42:365;27.63;21.69
2017.06.28 19:48:43:516;27.63;21.69
2017.06.28 19:48:44:643;27.63;21.69
2017.06.28 19:48:45:705;27.63;21.69
2017.06.28 19:48:46:794;27.63;21.69
2017.06.28 19:48:47:856;27.63;21.68
2017.06.28 19:48:48:916;27.63;21.68
2017.06.28 19:48:50:071;27.63;21.68
2017.06.28 19:48:51:146;27.63;21.69
2017.06.28 19:48:52:219;27.63;21.69
2017.06.28 19:48:53:347;27.63;21.69
2017.06.28 19:48:54:474;27.63;21.68
2017.06.28 19:48:55:600;27.63;21.68
2017.06.28 19:48:56:662;27.62;21.68
2017.06.28 19:48:57:765;27.62;21.68
2017.06.28 19:48:58:876;27.62;21.68
2017.06.28 19:49:00:003;27.61;21.68
2017.06.28 19:49:01:075;27.61;21.67
2017.06.28 19:49:02:147;27.61;21.67
2017.06.28 19:49:03:280;27.61;21.67
2017.06.28 19:49:04:347;27.61;21.67
2017.06.28 19:49:05:427;27.61;21.67
2017.06.28 19:49:06:490;27.61;21.67
2017.06.28 19:49:07:553;27.61;21.67
2017.06.28 19:49:08:614;27.61;21.67
2017.06.28 19:49:09:678;27.61;21.67
2017.06.28 19:49:10:742;27.61;21.67
2017.06.28 19:49:11:804;27.61;21.67
2017.06.28 19:49:12:873;27.61;21.67
2017.06.28 19:49:13:952;27.61;21.67
2017.06.28 19:49:15:017;27.61;21.67
2017.06.28 19:49:16:182;27.61;21.67
2017.06.28 19:49:17:245;27.61;21.67
2017.06.28 19:49:18:330;27.61;21.67
2017.06.28 19:49:19:458;27.61;21.67
2017.06.28 19:49:20:587;27.61;21.67
2017.06.28 19:49:21:712;27.61;21.67
2017.06.28 19:49:22:901;27.61;21.67
2017.06.28 19:49:23:963;27.61;21.67
2017.06.28 19:49:25:072;27.61;21.67
2017.06.28 19:49:26:133;27.61;21.67
2017.06.28 19:49:27:241;27.61;21.67
2017.06.28 19:49:28:368;27.61;21.67
2017.06.28 19:49:29:431;27.61;21.67
2017.06.28 19:49:30:501;27.61;21.67
2017.06.28 19:49:31:566;27.61;21.68
2017.06.28 19:49:32:628;27.62;21.68
2017.06.28 19:49:33:688;27.62;21.68
2017.06.28 19:49:34:821;27.62;21.68
2017.06.28 19:49:35:945;27.62;21.68
2017.06.28 19:49:37:008;27.62;21.68
2017.06.28 19:49:38:070;27.62;21.68
2017.06.28 19:49:39:131;27.62;21.68
2017.06.28 19:49:40:192;27.62;21.68
2017.06.28 19:49:41:272;27.63;21.68
2017.06.28 19:49:42:356;27.63;21.69
2017.06.28 19:49:43:422;27.63;21.69
2017.06.28 19:49:44:483;27.63;21.69
2017.06.28 19:49:45:553;27.63;21.69
2017.06.28 19:49:46:620;27.63;21.69
2017.06.28 19:49:47:682;27.63;21.69
2017.06.28 19:49:48:744;27.63;21.69
2017.06.28 19:49:49:808;27.63;21.69
2017.06.28 19:49:50:870;27.63;21.69
2017.06.28 19:49:52:011;27.63;21.69
2017.06.28 19:49:53:072;27.63;21.69
2017.06.28 19:49:54:156;27.63;21.69
2017.06.28 19:49:55:235;27.63;21.69
2017.06.28 19:49:56:302;27.63;21.69
2017.06.28 19:49:57:448;27.63;21.69
2017.06.28 19:49:58:510;27.63;21.69
2017.06.28 19:49:59:572;27.63;21.69
2017.06.28 19:50:00:729;27.63;21.69
2017.06.28 19:50:01:852;27.63;21.69
2017.06.28 19:50:02:979;27.63;21.69
2017.06.28 19:50:04:042;27.63;21.69
2017.06.28 19:50:05:127;27.63;21.69
2017.06.28 19:50:06:198;27.64;21.69
2017.06.28 19:50:07:265;27.64;21.69
2017.06.28 19:50:08:328;27.64;21.69
2017.06.28 19:50:09:389;27.64;21.69
2017.06.28 19:50:10:450;27.64;21.69
2017.06.28 19:50:11:518;27.64;21.69
2017.06.28 19:50:12:602;27.64;21.69
2017.06.28 19:50:13:668;27.64;21.69
2017.06.28 19:50:14:752;27.64;21.69
2017.06.28 19:50:15:881;27.64;21.69
2017.06.28 19:50:16:944;27.64;21.69
2017.06.28 19:50:18:028;27.64;21.69
2017.06.28 19:50:19:089;27.64;21.69
2017.06.28 19:50:20:151;27.64;21.69
2017.06.28 19:50:21:309;27.64;21.69
2017.06.28 19:50:22:497;27.64;21.69
2017.06.28 19:50:23:557;27.64;21.7
2017.06.28 19:50:24:687;27.64;21.7
2017.06.28 19:50:25:746;27.64;21.7
2017.06.28 19:50:26:836;27.64;21.7
2017.06.28 19:50:27:899;27.64;21.7
2017.06.28 19:50:28:961;27.64;21.7
2017.06.28 19:50:30:062;27.64;21.7
2017.06.28 19:50:31:147;27.64;21.7
2017.06.28 19:50:32:265;27.64;21.7
2017.06.28 19:50:33:392;27.64;21.7
2017.06.28 19:50:34:517;27.64;21.7
2017.06.28 19:50:35:579;27.64;21.7
2017.06.28 19:50:36:643;27.64;21.7
2017.06.28 19:50:37:705;27.64;21.7
2017.06.28 19:50:38:767;27.64;21.7
2017.06.28 19:50:39:839;27.64;21.7
2017.06.28 19:50:40:942;27.64;21.7
2017.06.28 19:50:42:004;27.64;21.69
2017.06.28 19:50:43:119;27.64;21.69
2017.06.28 19:50:44:246;27.64;21.69
2017.06.28 19:50:45:372;27.64;21.69
2017.06.28 19:50:46:498;27.63;21.69
2017.06.28 19:50:47:626;27.63;21.69
2017.06.28 19:50:48:750;27.63;21.69
2017.06.28 19:50:49:813;27.64;21.69
2017.06.28 19:50:50:900;27.64;21.69
2017.06.28 19:50:51:963;27.64;21.69
2017.06.28 19:50:53:031;27.64;21.69
2017.06.28 19:50:54:134;27.64;21.69
2017.06.28 19:50:55:189;27.64;21.69
2017.06.28 19:50:56:275;27.64;21.69
2017.06.28 19:50:57:350;27.64;21.69
2017.06.28 19:50:58:417;27.64;21.69
2017.06.28 19:50:59:477;27.64;21.69
2017.06.28 19:51:00:630;27.64;21.69
2017.06.28 19:51:01:723;27.64;21.69
2017.06.28 19:51:02:882;27.64;21.69
2017.06.28 19:51:03:957;27.64;21.69
2017.06.28 19:51:05:062;27.64;21.69
2017.06.28 19:51:06:161;27.64;21.7
2017.06.28 19:51:07:223;27.64;21.7
2017.06.28 19:51:08:306;27.64;21.7
2017.06.28 19:51:09:436;27.64;21.7
2017.06.28 19:51:10:500;27.65;21.7
2017.06.28 19:51:11:563;27.65;21.7
2017.06.28 19:51:12:712;27.65;21.7
2017.06.28 19:51:13:838;27.65;21.7
2017.06.28 19:51:14:966;27.65;21.7
2017.06.28 19:51:16:030;27.66;21.71
2017.06.28 19:51:17:092;27.66;21.71
2017.06.28 19:51:18:243;27.66;21.71
2017.06.28 19:51:19:307;27.66;21.71
2017.06.28 19:51:20:393;27.66;21.71
2017.06.28 19:51:21:455;27.66;21.71
2017.06.28 19:51:22:523;27.67;21.72
2017.06.28 19:51:23:669;27.67;21.72
2017.06.28 19:51:24:795;27.67;21.72
2017.06.28 19:51:25:853;27.68;21.72
2017.06.28 19:51:26:917;27.68;21.73
2017.06.28 19:51:27:978;27.68;21.73
2017.06.28 19:51:29:099;27.69;21.73
2017.06.28 19:51:30:225;27.69;21.73
2017.06.28 19:51:31:287;27.69;21.73
2017.06.28 19:51:32:352;27.69;21.73
2017.06.28 19:51:33:499;27.69;21.73
2017.06.28 19:51:34:567;27.7;21.74
2017.06.28 19:51:35:647;27.7;21.74
2017.06.28 19:51:36:777;27.7;21.74
2017.06.28 19:51:37:903;27.7;21.74
2017.06.28 19:51:39:034;27.7;21.74
2017.06.28 19:51:40:093;27.7;21.74
2017.06.28 19:51:41:196;27.7;21.74
2017.06.28 19:51:42:257;27.7;21.74
2017.06.28 19:51:43:318;27.7;21.74
2017.06.28 19:51:44:381;27.7;21.74
2017.06.28 19:51:45:479;27.7;21.74
2017.06.28 19:51:46:608;27.7;21.74
2017.06.28 19:51:47:669;27.7;21.74
2017.06.28 19:51:48:731;27.69;21.74
2017.06.28 19:51:49:792;27.69;21.73
2017.06.28 19:51:50:907;27.69;21.73
2017.06.28 19:51:52:033;27.69;21.73
2017.06.28 19:51:53:093;27.68;21.73
2017.06.28 19:51:54:184;27.68;21.73
2017.06.28 19:51:55:253;27.68;21.73
2017.06.28 19:51:56:331;27.68;21.72
2017.06.28 19:51:57:461;27.68;21.72
2017.06.28 19:51:58:588;27.68;21.72
2017.06.28 19:51:59:713;27.68;21.72
2017.06.28 19:52:00:840;27.68;21.72
2017.06.28 19:52:01:968;27.68;21.73
2017.06.28 19:52:03:092;27.68;21.73
2017.06.28 19:52:04:219;27.69;21.73
2017.06.28 19:52:05:345;27.68;21.73
2017.06.28 19:52:06:471;27.68;21.73
2017.06.28 19:52:07:598;27.69;21.73
2017.06.28 19:52:08:724;27.69;21.73
2017.06.28 19:52:09:796;27.69;21.73
2017.06.28 19:52:10:872;27.69;21.73
2017.06.28 19:52:12:000;27.69;21.73
2017.06.28 19:52:13:128;27.69;21.73
2017.06.28 19:52:14:189;27.69;21.73
2017.06.28 19:52:15:250;27.69;21.73
2017.06.28 19:52:16:404;27.69;21.73
2017.06.28 19:52:17:468;27.69;21.73
2017.06.28 19:52:18:551;27.69;21.73
2017.06.28 19:52:19:681;27.69;21.73
2017.06.28 19:52:20:741;27.69;21.73
2017.06.28 19:52:21:828;27.69;21.74
2017.06.28 19:52:23:040;27.7;21.74
2017.06.28 19:52:24:156;27.7;21.74
2017.06.28 19:52:25:312;27.7;21.74
2017.06.28 19:52:26:369;27.7;21.74
2017.06.28 19:52:27:430;27.7;21.74
2017.06.28 19:52:28:491;27.7;21.74
2017.06.28 19:52:29:614;27.7;21.74
2017.06.28 19:52:30:739;27.7;21.74
2017.06.28 19:52:31:866;27.7;21.74
2017.06.28 19:52:32:993;27.7;21.74
2017.06.28 19:52:34:053;27.7;21.74
2017.06.28 19:52:35:120;27.7;21.74
2017.06.28 19:52:36:182;27.7;21.74
2017.06.28 19:52:37:243;27.7;21.74
2017.06.28 19:52:38:305;27.71;21.74
2017.06.28 19:52:39:444;27.71;21.75
2017.06.28 19:52:40:570;27.71;21.75
2017.06.28 19:52:41:631;27.71;21.75
2017.06.28 19:52:42:697;27.71;21.75
2017.06.28 19:52:43:757;27.71;21.75
2017.06.28 19:52:44:871;27.72;21.75
2017.06.28 19:52:46:000;27.72;21.75
2017.06.28 19:52:47:070;27.72;21.76
2017.06.28 19:52:48:135;27.72;21.76
2017.06.28 19:52:49:202;27.72;21.76
2017.06.28 19:52:50:299;27.72;21.76
2017.06.28 19:52:51:365;27.72;21.76
2017.06.28 19:52:52:427;27.72;21.75
2017.06.28 19:52:53:575;27.72;21.75
2017.06.28 19:52:54:702;27.71;21.75
2017.06.28 19:52:55:828;27.71;21.75
2017.06.28 19:52:56:889;27.71;21.75
2017.06.28 19:52:57:976;27.71;21.75
2017.06.28 19:52:59:105;27.71;21.75
2017.06.28 19:53:00:172;27.71;21.75
2017.06.28 19:53:01:234;27.71;21.75
2017.06.28 19:53:02:302;27.71;21.75
2017.06.28 19:53:03:407;27.71;21.75
2017.06.28 19:53:04:487;27.71;21.75
2017.06.28 19:53:05:659;27.71;21.75
2017.06.28 19:53:06:785;27.71;21.75
2017.06.28 19:53:07:911;27.71;21.75
2017.06.28 19:53:09:037;27.71;21.75
2017.06.28 19:53:10:163;27.71;21.75
2017.06.28 19:53:11:290;27.71;21.75
2017.06.28 19:53:12:416;27.71;21.75
2017.06.28 19:53:13:524;27.71;21.75
2017.06.28 19:53:14:669;27.71;21.75
2017.06.28 19:53:15:795;27.71;21.75
2017.06.28 19:53:16:871;27.71;21.75
2017.06.28 19:53:17:943;27.71;21.75
2017.06.28 19:53:19:004;27.71;21.74
2017.06.28 19:53:20:095;27.7;21.74
2017.06.28 19:53:21:155;27.7;21.74
2017.06.28 19:53:22:359;27.7;21.74
2017.06.28 19:53:23:456;27.7;21.74
2017.06.28 19:53:24:517;27.7;21.74
2017.06.28 19:53:25:584;27.7;21.74
2017.06.28 19:53:26:753;27.7;21.74
2017.06.28 19:53:27:878;27.7;21.74
2017.06.28 19:53:28:939;27.7;21.74
2017.06.28 19:53:30:001;27.7;21.74
2017.06.28 19:53:31:066;27.7;21.74
2017.06.28 19:53:32:180;27.7;21.74
2017.06.28 19:53:33:306;27.7;21.74
2017.06.28 19:53:34:441;27.7;21.74
2017.06.28 19:53:35:508;27.7;21.74
2017.06.28 19:53:36:570;27.7;21.74
2017.06.28 19:53:37:710;27.69;21.74
2017.06.28 19:53:38:791;27.69;21.73
2017.06.28 19:53:39:852;27.69;21.73
2017.06.28 19:53:40:913;27.69;21.73
2017.06.28 19:53:42:039;27.69;21.73
2017.06.28 19:53:43:101;27.69;21.73
2017.06.28 19:53:44:263;27.69;21.73
2017.06.28 19:53:45:323;27.69;21.73
2017.06.28 19:53:46:389;27.68;21.73
2017.06.28 19:53:47:450;27.68;21.73
2017.06.28 19:53:48:510;27.68;21.73
2017.06.28 19:53:49:571;27.68;21.73
2017.06.28 19:53:50:714;27.68;21.73
2017.06.28 19:53:51:840;27.68;21.73
2017.06.28 19:53:52:967;27.68;21.73
2017.06.28 19:53:54:027;27.68;21.73
2017.06.28 19:53:55:114;27.68;21.72
2017.06.28 19:53:56:204;27.68;21.72
2017.06.28 19:53:57:269;27.67;21.72
2017.06.28 19:53:58:394;27.67;21.72
2017.06.28 19:53:59:454;27.67;21.72
2017.06.28 19:54:00:541;27.67;21.72
2017.06.28 19:54:01:602;27.67;21.72
2017.06.28 19:54:02:692;27.67;21.72
2017.06.28 19:54:03:821;27.67;21.71
2017.06.28 19:54:04:887;27.66;21.71
2017.06.28 19:54:05:968;27.66;21.71
2017.06.28 19:54:07:098;27.66;21.71
2017.06.28 19:54:08:239;27.66;21.71
2017.06.28 19:54:09:515;27.66;21.71
2017.06.28 19:54:10:685;27.65;21.71
2017.06.28 19:54:11:785;27.65;21.7
2017.06.28 19:54:12:971;27.65;21.7
2017.06.28 19:54:14:140;27.65;21.71
2017.06.28 19:54:15:292;27.65;21.71
2017.06.28 19:54:16:421;27.65;21.71
2017.06.28 19:54:17:589;27.66;21.71
2017.06.28 19:54:18:650;27.66;21.71
2017.06.28 19:54:19:711;27.66;21.71
2017.06.28 19:54:20:819;27.66;21.71
2017.06.28 19:54:21:881;27.66;21.71
2017.06.28 19:54:23:042;27.66;21.71
2017.06.28 19:54:24:135;27.66;21.71
2017.06.28 19:54:25:199;27.65;21.7
2017.06.28 19:54:26:266;27.65;21.7
2017.06.28 19:54:27:339;27.65;21.7
2017.06.28 19:54:28:402;27.65;21.7
2017.06.28 19:54:29:465;27.65;21.7
2017.06.28 19:54:30:544;27.65;21.7
2017.06.28 19:54:31:606;27.65;21.7
2017.06.28 19:54:32:695;27.65;21.7
2017.06.28 19:54:33:866;27.65;21.7
2017.06.28 19:54:34:948;27.65;21.7
2017.06.28 19:54:36:009;27.65;21.7
2017.06.28 19:54:37:098;27.65;21.7
2017.06.28 19:54:38:230;27.65;21.7
2017.06.28 19:54:39:296;27.65;21.7
2017.06.28 19:54:40:374;27.66;21.71
2017.06.28 19:54:41:440;27.66;21.71
2017.06.28 19:54:42:524;27.66;21.71
2017.06.28 19:54:43:587;27.66;21.71
2017.06.28 19:54:44:676;27.66;21.71
2017.06.28 19:54:45:737;27.67;21.71
2017.06.28 19:54:46:807;27.67;21.72
2017.06.28 19:54:47:868;27.67;21.72
2017.06.28 19:54:48:965;27.67;21.72
2017.06.28 19:54:50:038;27.67;21.72
2017.06.28 19:54:51:126;27.67;21.72
2017.06.28 19:54:52:186;27.67;21.72
2017.06.28 19:54:53:247;27.68;21.72
2017.06.28 19:54:54:335;27.68;21.72
2017.06.28 19:54:55:403;27.68;21.72
2017.06.28 19:54:56:466;27.68;21.72
2017.06.28 19:54:57:527;27.68;21.72
2017.06.28 19:54:58:587;27.68;21.73
2017.06.28 19:54:59:648;27.68;21.73
2017.06.28 19:55:00:755;27.68;21.73
2017.06.28 19:55:01:882;27.68;21.73
2017.06.28 19:55:03:008;27.69;21.73
2017.06.28 19:55:04:099;27.69;21.73
2017.06.28 19:55:05:261;27.69;21.73
2017.06.28 19:55:06:387;27.68;21.73
2017.06.28 19:55:07:513;27.68;21.73
2017.06.28 19:55:08:573;27.68;21.73
2017.06.28 19:55:09:637;27.68;21.73
2017.06.28 19:55:10:698;27.68;21.73
2017.06.28 19:55:11:774;27.68;21.73
2017.06.28 19:55:12:940;27.69;21.73
2017.06.28 19:55:14:066;27.69;21.73
2017.06.28 19:55:15:126;27.69;21.73
2017.06.28 19:55:16:188;27.69;21.73
2017.06.28 19:55:17:345;27.69;21.73
2017.06.28 19:55:18:405;27.69;21.73
2017.06.28 19:55:19:491;27.69;21.74
2017.06.28 19:55:20:620;27.7;21.74
2017.06.28 19:55:21:681;27.7;21.74
2017.06.28 19:55:22:769;27.7;21.74
2017.06.28 19:55:23:830;27.7;21.74
2017.06.28 19:55:24:880;27.7;21.74
2017.06.28 19:55:25:942;27.7;21.74
2017.06.28 19:55:27:071;27.7;21.74
2017.06.28 19:55:28:201;27.7;21.74
2017.06.28 19:55:29:265;27.7;21.74
2017.06.28 19:55:30:345;27.7;21.74
2017.06.28 19:55:31:411;27.71;21.74
2017.06.28 19:55:32:495;27.71;21.75
2017.06.28 19:55:33:625;27.71;21.75
2017.06.28 19:55:34:688;27.71;21.75
2017.06.28 19:55:35:773;27.71;21.75
2017.06.28 19:55:36:880;27.71;21.75
2017.06.28 19:55:37:941;27.71;21.75
2017.06.28 19:55:39:002;27.71;21.75
2017.06.28 19:55:40:062;27.71;21.75
2017.06.28 19:55:41:171;27.71;21.75
2017.06.28 19:55:42:231;27.71;21.75
2017.06.28 19:55:43:291;27.71;21.75
2017.06.28 19:55:44:355;27.71;21.75
2017.06.28 19:55:45:503;27.71;21.75
2017.06.28 19:55:46:564;27.71;21.75
2017.06.28 19:55:47:653;27.71;21.75
2017.06.28 19:55:48:718;27.71;21.75
2017.06.28 19:55:49:801;27.71;21.75
2017.06.28 19:55:50:930;27.71;21.75
2017.06.28 19:55:51:991;27.71;21.75
2017.06.28 19:55:53:078;27.71;21.75
2017.06.28 19:55:54:207;27.71;21.75
2017.06.28 19:55:55:334;27.72;21.75
2017.06.28 19:55:56:394;27.71;21.75
2017.06.28 19:55:57:482;27.71;21.75
2017.06.28 19:55:58:542;27.71;21.75
2017.06.28 19:55:59:631;27.71;21.75
2017.06.28 19:56:00:761;27.71;21.75
2017.06.28 19:56:01:822;27.71;21.75
2017.06.28 19:56:02:910;27.71;21.75
2017.06.28 19:56:04:039;27.71;21.75
2017.06.28 19:56:05:165;27.72;21.75
2017.06.28 19:56:06:291;27.72;21.76
2017.06.28 19:56:07:417;27.72;21.76
2017.06.28 19:56:08:484;27.72;21.76
2017.06.28 19:56:09:554;27.73;21.76
2017.06.28 19:56:10:614;27.73;21.76
2017.06.28 19:56:11:718;27.73;21.76
2017.06.28 19:56:12:780;27.73;21.76
2017.06.28 19:56:13:865;27.73;21.76
2017.06.28 19:56:14:995;27.73;21.76
2017.06.28 19:56:16:121;27.73;21.76
2017.06.28 19:56:17:247;27.73;21.76
2017.06.28 19:56:18:373;27.73;21.76
2017.06.28 19:56:19:500;27.74;21.77
2017.06.28 19:56:20:626;27.74;21.77
2017.06.28 19:56:21:686;27.74;21.77
2017.06.28 19:56:22:778;27.74;21.77
2017.06.28 19:56:23:908;27.74;21.77
2017.06.28 19:56:24:958;27.74;21.77
2017.06.28 19:56:26:029;27.74;21.77
2017.06.28 19:56:27:180;27.74;21.77
2017.06.28 19:56:28:307;27.74;21.77
2017.06.28 19:56:29:437;27.74;21.77
2017.06.28 19:56:30:497;27.74;21.77
2017.06.28 19:56:31:580;27.74;21.77
2017.06.28 19:56:32:710;27.74;21.77
2017.06.28 19:56:33:770;27.74;21.77
2017.06.28 19:56:34:857;27.75;21.77
2017.06.28 19:56:35:917;27.74;21.77
2017.06.28 19:56:37:006;27.74;21.77
2017.06.28 19:56:38:138;27.74;21.77
2017.06.28 19:56:39:263;27.74;21.77
2017.06.28 19:56:40:390;27.73;21.77
2017.06.28 19:56:41:517;27.73;21.76
2017.06.28 19:56:42:578;27.73;21.76
2017.06.28 19:56:43:640;27.72;21.76
2017.06.28 19:56:44:793;27.72;21.76
2017.06.28 19:56:45:919;27.72;21.75
2017.06.28 19:56:47:046;27.72;21.75
2017.06.28 19:56:48:172;27.72;21.75
2017.06.28 19:56:49:232;27.72;21.75
2017.06.28 19:56:50:294;27.72;21.75
2017.06.28 19:56:51:449;27.72;21.76
2017.06.28 19:56:52:510;27.72;21.76
2017.06.28 19:56:53:581;27.72;21.76
2017.06.28 19:56:54:642;27.73;21.76
2017.06.28 19:56:55:750;27.73;21.76
2017.06.28 19:56:56:875;27.73;21.76
2017.06.28 19:56:58:002;27.73;21.76
2017.06.28 19:56:59:128;27.73;21.76
2017.06.28 19:57:00:254;27.73;21.76
2017.06.28 19:57:01:315;27.74;21.77
2017.06.28 19:57:02:379;27.74;21.77
2017.06.28 19:57:03:444;27.74;21.77
2017.06.28 19:57:04:505;27.74;21.77
2017.06.28 19:57:05:576;27.74;21.77
2017.06.28 19:57:06:638;27.74;21.77
2017.06.28 19:57:07:727;27.74;21.77
2017.06.28 19:57:08:857;27.75;21.77
2017.06.28 19:57:09:983;27.75;21.77
2017.06.28 19:57:11:109;27.75;21.77
2017.06.28 19:57:12:236;27.75;21.78
2017.06.28 19:57:13:362;27.75;21.78
2017.06.28 19:57:14:488;27.75;21.78
2017.06.28 19:57:15:616;27.75;21.78
2017.06.28 19:57:16:741;27.75;21.78
2017.06.28 19:57:17:803;27.75;21.78
2017.06.28 19:57:18:889;27.75;21.78
2017.06.28 19:57:20:019;27.75;21.78
2017.06.28 19:57:21:145;27.75;21.78
2017.06.28 19:57:22:218;27.76;21.78
2017.06.28 19:57:23:293;27.76;21.78
2017.06.28 19:57:24:422;27.76;21.78
2017.06.28 19:57:25:493;27.76;21.78
2017.06.28 19:57:26:569;27.76;21.78
2017.06.28 19:57:27:699;27.76;21.78
2017.06.28 19:57:28:761;27.76;21.78
2017.06.28 19:57:29:845;27.76;21.78
2017.06.28 19:57:30:975;27.76;21.78
2017.06.28 19:57:32:102;27.76;21.78
2017.06.28 19:57:33:228;27.76;21.78
2017.06.28 19:57:34:354;27.76;21.78
2017.06.28 19:57:35:481;27.76;21.78
2017.06.28 19:57:36:607;27.76;21.78
2017.06.28 19:57:37:733;27.76;21.78
2017.06.28 19:57:38:860;27.76;21.79
2017.06.28 19:57:39:921;27.76;21.79
2017.06.28 19:57:41:007;27.76;21.79
2017.06.28 19:57:42:069;27.77;21.79
2017.06.28 19:57:43:157;27.77;21.79
2017.06.28 19:57:44:288;27.77;21.79
2017.06.28 19:57:45:413;27.77;21.79
2017.06.28 19:57:46:479;27.77;21.79
2017.06.28 19:57:47:547;27.76;21.78
2017.06.28 19:57:48:637;27.76;21.78
2017.06.28 19:57:49:711;27.76;21.78
2017.06.28 19:57:50:841;27.75;21.78
2017.06.28 19:57:51:920;27.75;21.78
2017.06.28 19:57:53:093;27.75;21.78
2017.06.28 19:57:54:220;27.75;21.78
2017.06.28 19:57:55:336;27.75;21.78
2017.06.28 19:57:56:473;27.76;21.78
2017.06.28 19:57:57:534;27.76;21.78
2017.06.28 19:57:58:620;27.76;21.78
2017.06.28 19:57:59:751;27.76;21.78
2017.06.28 19:58:00:881;27.76;21.79
2017.06.28 19:58:02:002;27.76;21.79
2017.06.28 19:58:03:128;27.76;21.79
2017.06.28 19:58:04:188;27.76;21.79
2017.06.28 19:58:05:275;27.76;21.78
2017.06.28 19:58:06:339;27.76;21.78
2017.06.28 19:58:07:426;27.75;21.78
2017.06.28 19:58:08:489;27.75;21.77
2017.06.28 19:58:09:576;27.75;21.77
2017.06.28 19:58:10:706;27.74;21.77
2017.06.28 19:58:11:767;27.74;21.77
2017.06.28 19:58:12:854;27.74;21.77
2017.06.28 19:58:13:916;27.74;21.77
2017.06.28 19:58:15:004;27.74;21.77
2017.06.28 19:58:16:066;27.74;21.77
2017.06.28 19:58:17:132;27.74;21.77
2017.06.28 19:58:18:196;27.74;21.77
2017.06.28 19:58:19:257;27.74;21.77
2017.06.28 19:58:20:319;27.74;21.77
2017.06.28 19:58:21:458;27.74;21.77
2017.06.28 19:58:22:636;27.74;21.77
2017.06.28 19:58:23:686;27.74;21.77
2017.06.28 19:58:24:746;27.74;21.77
2017.06.28 19:58:25:862;27.74;21.77
2017.06.28 19:58:26:926;27.74;21.77
2017.06.28 19:58:27:992;27.74;21.77
2017.06.28 19:58:29:101;27.75;21.77
2017.06.28 19:58:30:264;27.75;21.78
2017.06.28 19:58:31:391;27.75;21.78
2017.06.28 19:58:32:517;27.75;21.78
2017.06.28 19:58:33:644;27.75;21.78
2017.06.28 19:58:34:771;27.75;21.78
2017.06.28 19:58:35:897;27.75;21.78
2017.06.28 19:58:36:957;27.75;21.78
2017.06.28 19:58:38:018;27.75;21.78
2017.06.28 19:58:39:078;27.75;21.78
2017.06.28 19:58:40:193;27.75;21.78
2017.06.28 19:58:41:254;27.76;21.78
2017.06.28 19:58:42:346;27.76;21.78
2017.06.28 19:58:43:474;27.76;21.78
2017.06.28 19:58:44:538;27.76;21.78
2017.06.28 19:58:45:622;27.76;21.79
2017.06.28 19:58:46:751;27.76;21.79
2017.06.28 19:58:47:814;27.76;21.79
2017.06.28 19:58:48:875;27.76;21.79
2017.06.28 19:58:49:938;27.76;21.79
2017.06.28 19:58:51:001;27.76;21.78
2017.06.28 19:58:52:062;27.76;21.78
2017.06.28 19:58:53:123;27.76;21.79
2017.06.28 19:58:54:186;27.76;21.79
2017.06.28 19:58:55:318;27.76;21.79
2017.06.28 19:58:56:381;27.76;21.79
2017.06.28 19:58:57:442;27.76;21.79
2017.06.28 19:58:58:507;27.76;21.79
2017.06.28 19:58:59:574;27.76;21.79
2017.06.28 19:59:00:678;27.76;21.79
2017.06.28 19:59:01:740;27.76;21.79
2017.06.28 19:59:02:824;27.76;21.79
2017.06.28 19:59:03:954;27.76;21.78
2017.06.28 19:59:05:079;27.76;21.78
2017.06.28 19:59:06:213;27.76;21.78
2017.06.28 19:59:07:333;27.76;21.78
2017.06.28 19:59:08:420;27.76;21.78
2017.06.28 19:59:09:482;27.75;21.78
2017.06.28 19:59:10:547;27.75;21.78
2017.06.28 19:59:11:610;27.75;21.78
2017.06.28 19:59:12:760;27.75;21.78
2017.06.28 19:59:14:006;27.75;21.78
2017.06.28 19:59:15:113;27.75;21.78
2017.06.28 19:59:16:176;27.75;21.78
2017.06.28 19:59:17:262;27.75;21.77
2017.06.28 19:59:18:392;27.74;21.77
2017.06.28 19:59:19:519;27.74;21.77
2017.06.28 19:59:20:645;27.74;21.77
2017.06.28 19:59:21:707;27.74;21.77
2017.06.28 19:59:22:779;27.74;21.77
2017.06.28 19:59:23:830;27.74;21.77
2017.06.28 19:59:24:879;27.74;21.77
2017.06.28 19:59:25:938;27.74;21.77
2017.06.28 19:59:27:001;27.74;21.77
2017.06.28 19:59:28:120;27.74;21.77
2017.06.28 19:59:29:246;27.74;21.77
2017.06.28 19:59:30:374;27.74;21.77
2017.06.28 19:59:31:500;27.75;21.77
2017.06.28 19:59:32:627;27.75;21.78
2017.06.28 19:59:33:753;27.75;21.78
2017.06.28 19:59:34:879;27.75;21.78
2017.06.28 19:59:36:005;27.75;21.78
2017.06.28 19:59:37:131;27.75;21.77
2017.06.28 19:59:38:193;27.74;21.77
2017.06.28 19:59:39:278;27.74;21.77
2017.06.28 19:59:40:340;27.74;21.77
2017.06.28 19:59:41:432;27.74;21.77
2017.06.28 19:59:42:557;27.74;21.77
2017.06.28 19:59:43:620;27.74;21.77
2017.06.28 19:59:44:704;27.74;21.77
2017.06.28 19:59:45:835;27.74;21.77
2017.06.28 19:59:46:961;27.74;21.77
2017.06.28 19:59:48:088;27.74;21.77
2017.06.28 19:59:49:215;27.74;21.77
2017.06.28 19:59:50:348;27.74;21.77
2017.06.28 19:59:51:467;27.75;21.77
2017.06.28 19:59:52:593;27.75;21.77
2017.06.28 19:59:53:654;27.75;21.77
2017.06.28 19:59:54:741;27.75;21.77
2017.06.28 19:59:55:871;27.75;21.77
2017.06.28 19:59:56:998;27.75;21.77
2017.06.28 19:59:58:060;27.75;21.77
2017.06.28 19:59:59:123;27.75;21.77
2017.06.28 20:00:00:274;27.75;21.77
2017.06.28 20:00:01:400;27.75;21.77
2017.06.28 20:00:02:528;27.74;21.77
2017.06.28 20:00:03:652;27.74;21.77
2017.06.28 20:00:04:779;27.73;21.76
2017.06.28 20:00:05:846;27.73;21.76
2017.06.28 20:00:06:926;27.73;21.76
2017.06.28 20:00:08:014;27.73;21.76
2017.06.28 20:00:09:182;27.73;21.76
2017.06.28 20:00:10:242;27.73;21.76
2017.06.28 20:00:11:309;27.73;21.76
2017.06.28 20:00:12:458;27.73;21.76
2017.06.28 20:00:13:519;27.73;21.76
2017.06.28 20:00:14:606;27.73;21.76
2017.06.28 20:00:15:667;27.73;21.76
2017.06.28 20:00:16:726;27.73;21.76
2017.06.28 20:00:17:786;27.73;21.76
2017.06.28 20:00:18:850;27.73;21.76
2017.06.28 20:00:19:931;27.73;21.76
2017.06.28 20:00:21:061;27.73;21.76
2017.06.28 20:00:22:186;27.73;21.77
2017.06.28 20:00:23:313;27.74;21.77
2017.06.28 20:00:24:444;27.74;21.77
2017.06.28 20:00:25:566;27.74;21.77
2017.06.28 20:00:26:627;27.75;21.78
2017.06.28 20:00:27:723;27.75;21.78
2017.06.28 20:00:28:784;27.76;21.78
2017.06.28 20:00:29:850;27.76;21.78
2017.06.28 20:00:30:993;27.76;21.78
2017.06.28 20:00:32:119;27.75;21.78
2017.06.28 20:00:33:181;27.75;21.78
2017.06.28 20:00:34:293;27.75;21.78
2017.06.28 20:00:35:374;27.75;21.78
2017.06.28 20:00:36:523;27.76;21.78
2017.06.28 20:00:37:611;27.76;21.78
2017.06.28 20:00:38:673;27.76;21.79
2017.06.28 20:00:39:734;27.76;21.79
2017.06.28 20:00:40:793;27.76;21.79
2017.06.28 20:00:41:855;27.76;21.79
2017.06.28 20:00:42:975;27.76;21.79
2017.06.28 20:00:44:100;27.77;21.79
2017.06.28 20:00:45:191;27.77;21.79
2017.06.28 20:00:46:354;27.77;21.79
2017.06.28 20:00:47:423;27.77;21.8
2017.06.28 20:00:48:502;27.78;21.8
2017.06.28 20:00:49:631;27.78;21.8
2017.06.28 20:00:50:757;27.78;21.8
2017.06.28 20:00:51:888;27.78;21.8
2017.06.28 20:00:53:009;27.78;21.8
2017.06.28 20:00:54:136;27.78;21.8
2017.06.28 20:00:55:262;27.78;21.8
2017.06.28 20:00:56:320;27.78;21.8
2017.06.28 20:00:57:380;27.78;21.8
2017.06.28 20:00:58:442;27.78;21.8
2017.06.28 20:00:59:503;27.78;21.8
2017.06.28 20:01:00:565;27.78;21.8
2017.06.28 20:01:01:713;27.78;21.8
2017.06.28 20:01:02:840;27.77;21.8
2017.06.28 20:01:03:966;27.77;21.8
2017.06.28 20:01:05:093;27.77;21.79
2017.06.28 20:01:06:219;27.77;21.79
2017.06.28 20:01:07:310;27.77;21.79
2017.06.28 20:01:08:373;27.77;21.79
2017.06.28 20:01:09:453;27.77;21.79
2017.06.28 20:01:10:513;27.77;21.79
2017.06.28 20:01:11:646;27.77;21.79
2017.06.28 20:01:12:772;27.77;21.79
2017.06.28 20:01:13:898;27.77;21.79
2017.06.28 20:01:15:025;27.77;21.79
2017.06.28 20:01:16:142;27.77;21.79
2017.06.28 20:01:17:209;27.77;21.79
2017.06.28 20:01:18:302;27.77;21.79
2017.06.28 20:01:19:364;27.77;21.79
2017.06.28 20:01:20:449;27.77;21.8
2017.06.28 20:01:21:579;27.77;21.8
2017.06.28 20:01:22:661;27.77;21.8
2017.06.28 20:01:23:727;27.77;21.79
2017.06.28 20:01:24:857;27.77;21.79
2017.06.28 20:01:25:982;27.77;21.79
2017.06.28 20:01:27:046;27.77;21.79
2017.06.28 20:01:28:129;27.77;21.79
2017.06.28 20:01:29:193;27.77;21.79
2017.06.28 20:01:30:254;27.77;21.79
2017.06.28 20:01:31:314;27.77;21.79
2017.06.28 20:01:32:383;27.77;21.79
2017.06.28 20:01:33:456;27.77;21.79
2017.06.28 20:01:34:583;27.77;21.79
2017.06.28 20:01:35:711;27.77;21.79
2017.06.28 20:01:36:837;27.77;21.79
2017.06.28 20:01:37:966;27.77;21.79
2017.06.28 20:01:39:107;27.77;21.79
2017.06.28 20:01:40:179;27.77;21.79
2017.06.28 20:01:41:240;27.77;21.79
2017.06.28 20:01:42:302;27.76;21.79
2017.06.28 20:01:43:387;27.76;21.79
2017.06.28 20:01:44:453;27.76;21.79
2017.06.28 20:01:45:537;27.76;21.78
2017.06.28 20:01:46:675;27.76;21.78
2017.06.28 20:01:47:793;27.75;21.78
2017.06.28 20:01:48:920;27.75;21.78
2017.06.28 20:01:50:046;27.75;21.77
2017.06.28 20:01:51:172;27.74;21.77
2017.06.28 20:01:52:298;27.73;21.76
2017.06.28 20:01:53:361;27.73;21.76
2017.06.28 20:01:54:469;27.73;21.76
2017.06.28 20:01:55:576;27.73;21.76
2017.06.28 20:01:56:702;27.72;21.76
2017.06.28 20:01:57:828;27.72;21.76
2017.06.28 20:01:58:955;27.72;21.76
2017.06.28 20:02:00:081;27.72;21.76
2017.06.28 20:02:01:210;27.72;21.76
2017.06.28 20:02:02:334;27.72;21.75
2017.06.28 20:02:03:460;27.72;21.75
2017.06.28 20:02:04:586;27.71;21.75
2017.06.28 20:02:05:713;27.71;21.75
2017.06.28 20:02:06:839;27.71;21.75
2017.06.28 20:02:07:966;27.71;21.75
2017.06.28 20:02:09:027;27.71;21.75
2017.06.28 20:02:10:088;27.71;21.75
2017.06.28 20:02:11:150;27.71;21.75
2017.06.28 20:02:12:267;27.71;21.75
2017.06.28 20:02:13:329;27.71;21.75
2017.06.28 20:02:14:390;27.71;21.75
2017.06.28 20:02:15:544;27.71;21.75
2017.06.28 20:02:16:670;27.71;21.75
2017.06.28 20:02:17:796;27.71;21.75
2017.06.28 20:02:18:922;27.72;21.75
2017.06.28 20:02:20:049;27.72;21.76
2017.06.28 20:02:21:176;27.72;21.76
2017.06.28 20:02:22:245;27.73;21.76
2017.06.28 20:02:23:322;27.73;21.76
2017.06.28 20:02:24:453;27.73;21.76
2017.06.28 20:02:25:579;27.73;21.76
2017.06.28 20:02:26:641;27.73;21.76
2017.06.28 20:02:27:726;27.72;21.76
2017.06.28 20:02:28:788;27.72;21.75
2017.06.28 20:02:29:876;27.71;21.75
2017.06.28 20:02:30:939;27.71;21.75
2017.06.28 20:02:31:997;27.71;21.75
2017.06.28 20:02:33:157;27.71;21.75
2017.06.28 20:02:34:282;27.71;21.75
2017.06.28 20:02:35:346;27.71;21.74
2017.06.28 20:02:36:407;27.7;21.74
2017.06.28 20:02:37:559;27.7;21.74
2017.06.28 20:02:38:686;27.7;21.74
2017.06.28 20:02:39:812;27.7;21.74
2017.06.28 20:02:40:938;27.7;21.74
2017.06.28 20:02:41:999;27.7;21.74
2017.06.28 20:02:43:066;27.7;21.74
2017.06.28 20:02:44:215;27.7;21.74
2017.06.28 20:02:45:342;27.7;21.74
2017.06.28 20:02:46:468;27.71;21.74
2017.06.28 20:02:47:532;27.71;21.74
2017.06.28 20:02:48:616;27.71;21.74
2017.06.28 20:02:49:745;27.71;21.74
2017.06.28 20:02:50:871;27.71;21.75
2017.06.28 20:02:51:998;27.71;21.75
2017.06.28 20:02:53:124;27.71;21.74
2017.06.28 20:02:54:251;27.71;21.74
2017.06.28 20:02:55:301;27.71;21.74
2017.06.28 20:02:56:357;27.71;21.74
2017.06.28 20:02:57:527;27.7;21.74
2017.06.28 20:02:58:653;27.7;21.74
2017.06.28 20:02:59:744;27.7;21.74
2017.06.28 20:03:00:907;27.7;21.74
2017.06.28 20:03:02:033;27.7;21.74
2017.06.28 20:03:03:160;27.7;21.74
2017.06.28 20:03:04:286;27.7;21.74
2017.06.28 20:03:05:347;27.7;21.74
2017.06.28 20:03:06:412;27.7;21.74
2017.06.28 20:03:07:562;27.71;21.74
2017.06.28 20:03:08:625;27.71;21.75
2017.06.28 20:03:09:685;27.71;21.75
2017.06.28 20:03:10:839;27.71;21.75
2017.06.28 20:03:11:902;27.71;21.75
2017.06.28 20:03:12:962;27.71;21.74
2017.06.28 20:03:14:116;27.71;21.74
2017.06.28 20:03:15:242;27.71;21.74
2017.06.28 20:03:16:305;27.71;21.75
2017.06.28 20:03:17:365;27.71;21.75
2017.06.28 20:03:18:427;27.71;21.75
2017.06.28 20:03:19:542;27.71;21.75
2017.06.28 20:03:20:673;27.71;21.75
2017.06.28 20:03:21:796;27.71;21.75
2017.06.28 20:03:23:052;27.71;21.75
2017.06.28 20:03:24:148;27.71;21.75
2017.06.28 20:03:25:199;27.71;21.75
2017.06.28 20:03:26:267;27.71;21.75
2017.06.28 20:03:27:428;27.71;21.75
2017.06.28 20:03:28:489;27.71;21.75
2017.06.28 20:03:29:576;27.72;21.75
2017.06.28 20:03:30:704;27.72;21.76
2017.06.28 20:03:31:843;27.72;21.76
2017.06.28 20:03:32:904;27.73;21.76
2017.06.28 20:03:33:978;27.73;21.76
2017.06.28 20:03:35:041;27.73;21.76
2017.06.28 20:03:36:132;27.73;21.76
2017.06.28 20:03:37:192;27.73;21.76
2017.06.28 20:03:38:279;27.73;21.76
2017.06.28 20:03:39:341;27.73;21.77
2017.06.28 20:03:40:403;27.74;21.77
2017.06.28 20:03:41:464;27.74;21.77
2017.06.28 20:03:42:584;27.74;21.77
2017.06.28 20:03:43:648;27.74;21.77
2017.06.28 20:03:44:731;27.74;21.77
2017.06.28 20:03:45:792;27.73;21.76
2017.06.28 20:03:46:881;27.73;21.76
2017.06.28 20:03:47:942;27.73;21.76
2017.06.28 20:03:49:031;27.72;21.76
2017.06.28 20:03:50:161;27.72;21.76
2017.06.28 20:03:51:243;27.72;21.76
2017.06.28 20:03:52:413;27.72;21.76
2017.06.28 20:03:53:475;27.72;21.76
2017.06.28 20:03:54:535;27.72;21.76
2017.06.28 20:03:55:595;27.72;21.76
2017.06.28 20:03:56:716;27.72;21.76
2017.06.28 20:03:57:779;27.73;21.76
2017.06.28 20:03:58:839;27.73;21.76
2017.06.28 20:03:59:991;27.73;21.76
2017.06.28 20:04:01:052;27.73;21.76
2017.06.28 20:04:02:140;27.73;21.76
2017.06.28 20:04:03:220;27.73;21.77
2017.06.28 20:04:04:281;27.73;21.77
2017.06.28 20:04:05:419;27.73;21.77
2017.06.28 20:04:06:480;27.73;21.77
2017.06.28 20:04:07:566;27.74;21.77
2017.06.28 20:04:08:628;27.74;21.77
2017.06.28 20:04:09:744;27.74;21.77
2017.06.28 20:04:10:810;27.74;21.77
2017.06.28 20:04:11:871;27.74;21.77
2017.06.28 20:04:12:932;27.74;21.77
2017.06.28 20:04:13:993;27.74;21.77
2017.06.28 20:04:15:146;27.74;21.77
2017.06.28 20:04:16:272;27.75;21.77
2017.06.28 20:04:17:426;27.75;21.78
2017.06.28 20:04:18:526;27.75;21.77
2017.06.28 20:04:19:655;27.75;21.77
2017.06.28 20:04:20:778;27.75;21.77
2017.06.28 20:04:21:905;27.75;21.77
2017.06.28 20:04:23:058;27.75;21.78
2017.06.28 20:04:24:260;27.75;21.78
2017.06.28 20:04:25:314;27.75;21.78
2017.06.28 20:04:26:373;27.75;21.78
2017.06.28 20:04:27:536;27.75;21.78
2017.06.28 20:04:28:665;27.75;21.78
2017.06.28 20:04:29:732;27.75;21.78
2017.06.28 20:04:30:810;27.76;21.78
2017.06.28 20:04:31:940;27.76;21.78
2017.06.28 20:04:33:001;27.76;21.78
2017.06.28 20:04:34:063;27.76;21.79
2017.06.28 20:04:35:218;27.76;21.79
2017.06.28 20:04:36:281;27.76;21.79
2017.06.28 20:04:37:364;27.77;21.79
2017.06.28 20:04:38:426;27.77;21.79
2017.06.28 20:04:39:487;27.77;21.79
2017.06.28 20:04:40:645;27.77;21.79
2017.06.28 20:04:41:706;27.77;21.79
2017.06.28 20:04:42:791;27.77;21.79
2017.06.28 20:04:43:853;27.77;21.79
2017.06.28 20:04:44:941;27.77;21.79
2017.06.28 20:04:46:004;27.77;21.79
2017.06.28 20:04:47:092;27.77;21.79
2017.06.28 20:04:48:221;27.77;21.79
2017.06.28 20:04:49:348;27.77;21.79
2017.06.28 20:04:50:409;27.77;21.79
2017.06.28 20:04:51:494;27.77;21.79
2017.06.28 20:04:52:627;27.76;21.79
2017.06.28 20:04:53:751;27.76;21.79
2017.06.28 20:04:54:814;27.76;21.78
2017.06.28 20:04:55:900;27.76;21.78
2017.06.28 20:04:57:030;27.75;21.78
2017.06.28 20:04:58:094;27.75;21.78
2017.06.28 20:04:59:175;27.75;21.78
2017.06.28 20:05:00:305;27.75;21.78
2017.06.28 20:05:01:367;27.75;21.78
2017.06.28 20:05:02:456;27.75;21.78
2017.06.28 20:05:03:521;27.75;21.78
2017.06.28 20:05:04:583;27.75;21.78
2017.06.28 20:05:05:732;27.75;21.78
2017.06.28 20:05:06:858;27.76;21.78
2017.06.28 20:05:07:985;27.76;21.78
2017.06.28 20:05:09:046;27.76;21.78
2017.06.28 20:05:10:132;27.76;21.79
2017.06.28 20:05:11:195;27.76;21.79
2017.06.28 20:05:12:282;27.76;21.79
2017.06.28 20:05:13:388;27.76;21.79
2017.06.28 20:05:14:449;27.76;21.79
2017.06.28 20:05:15:562;27.76;21.79
2017.06.28 20:05:16:688;27.76;21.79
2017.06.28 20:05:17:815;27.76;21.79
2017.06.28 20:05:18:942;27.76;21.79
2017.06.28 20:05:20:068;27.76;21.79
2017.06.28 20:05:21:194;27.76;21.79
2017.06.28 20:05:22:377;27.76;21.79
2017.06.28 20:05:23:443;27.76;21.79
2017.06.28 20:05:24:574;27.76;21.79
2017.06.28 20:05:25:713;27.76;21.78
2017.06.28 20:05:26:827;27.75;21.78
2017.06.28 20:05:27:953;27.75;21.78
2017.06.28 20:05:29:015;27.75;21.78
2017.06.28 20:05:30:103;27.75;21.78
2017.06.28 20:05:31:229;27.75;21.77
2017.06.28 20:05:32:355;27.75;21.77
2017.06.28 20:05:33:418;27.75;21.77
2017.06.28 20:05:35:203;27.75;21.78
2017.06.28 20:05:36:265;27.75;21.78
2017.06.28 20:05:37:331;27.75;21.78
2017.06.28 20:05:38:393;27.75;21.78
2017.06.28 20:05:39:458;27.75;21.77
2017.06.28 20:05:40:521;27.75;21.77
2017.06.28 20:05:41:582;27.75;21.77
2017.06.28 20:05:42:648;27.75;21.78
2017.06.28 20:05:43:711;27.75;21.78
2017.06.28 20:05:44:773;27.75;21.78
2017.06.28 20:05:45:835;27.75;21.77
2017.06.28 20:05:46:896;27.74;21.77
2017.06.28 20:05:47:959;27.74;21.77
2017.06.28 20:05:49:019;27.74;21.77
2017.06.28 20:05:50:104;27.74;21.77
2017.06.28 20:05:51:167;27.74;21.77
2017.06.28 20:05:52:228;27.74;21.77
2017.06.28 20:05:53:290;27.74;21.77
2017.06.28 20:05:54:432;27.74;21.77
2017.06.28 20:05:55:480;27.74;21.77
2017.06.28 20:05:56:538;27.73;21.77
2017.06.28 20:05:57:601;27.73;21.76
2017.06.28 20:05:58:664;27.73;21.76
2017.06.28 20:05:59:733;27.73;21.76
2017.06.28 20:06:00:794;27.73;21.76
2017.06.28 20:06:01:858;27.73;21.76
2017.06.28 20:06:02:922;27.73;21.76
2017.06.28 20:06:03:986;27.73;21.76
2017.06.28 20:06:05:050;27.73;21.76
2017.06.28 20:06:06:112;27.73;21.76
2017.06.28 20:06:07:175;27.73;21.77
2017.06.28 20:06:08:238;27.74;21.77
2017.06.28 20:06:09:299;27.74;21.77
2017.06.28 20:06:10:386;27.74;21.77
2017.06.28 20:06:11:448;27.75;21.77
2017.06.28 20:06:12:509;27.75;21.78
2017.06.28 20:06:13:570;27.75;21.78
2017.06.28 20:06:14:638;27.76;21.78
2017.06.28 20:06:15:700;27.76;21.78
2017.06.28 20:06:16:761;27.76;21.79
2017.06.28 20:06:17:822;27.76;21.79
2017.06.28 20:06:18:894;27.77;21.79
2017.06.28 20:06:19:955;27.77;21.79
2017.06.28 20:06:21:023;27.77;21.79
2017.06.28 20:06:22:084;27.78;21.8
2017.06.28 20:06:23:162;27.78;21.8
2017.06.28 20:06:24:230;27.78;21.8
2017.06.28 20:06:25:284;27.79;21.8
2017.06.28 20:06:26:349;27.79;21.81
2017.06.28 20:06:27:410;27.79;21.81
2017.06.28 20:06:28:470;27.79;21.81
2017.06.28 20:06:29:532;27.79;21.81
2017.06.28 20:06:30:594;27.8;21.81
2017.06.28 20:06:31:656;27.8;21.81
2017.06.28 20:06:32:719;27.8;21.81
2017.06.28 20:06:33:847;27.8;21.81
2017.06.28 20:06:34:911;27.8;21.81
2017.06.28 20:06:35:974;27.79;21.81
2017.06.28 20:06:37:034;27.79;21.81
2017.06.28 20:06:38:095;27.79;21.81
2017.06.28 20:06:39:158;27.79;21.81
2017.06.28 20:06:40:223;27.79;21.81
2017.06.28 20:06:41:299;27.79;21.81
2017.06.28 20:06:42:365;27.79;21.81
2017.06.28 20:06:43:431;27.8;21.81
2017.06.28 20:06:44:492;27.8;21.81
2017.06.28 20:06:45:553;27.79;21.81
2017.06.28 20:06:46:617;27.79;21.81
2017.06.28 20:06:47:680;27.79;21.81
2017.06.28 20:06:48:742;27.79;21.81
2017.06.28 20:06:49:803;27.79;21.81
2017.06.28 20:06:50:865;27.79;21.81
2017.06.28 20:06:51:928;27.79;21.8
2017.06.28 20:06:52:988;27.79;21.8
2017.06.28 20:06:54:056;27.79;21.8
2017.06.28 20:06:55:125;27.79;21.8
2017.06.28 20:06:56:182;27.78;21.8
2017.06.28 20:06:57:239;27.79;21.8
2017.06.28 20:06:58:300;27.78;21.8
2017.06.28 20:06:59:367;27.79;21.8
2017.06.28 20:07:00:429;27.79;21.8
2017.06.28 20:07:01:491;27.79;21.81
2017.06.28 20:07:02:554;27.79;21.81
2017.06.28 20:07:03:618;27.79;21.81
2017.06.28 20:07:04:682;27.79;21.81
2017.06.28 20:07:05:743;27.79;21.81
2017.06.28 20:07:06:812;27.79;21.81
2017.06.28 20:07:07:874;27.8;21.81
2017.06.28 20:07:08:938;27.8;21.81
2017.06.28 20:07:10:015;27.8;21.82
2017.06.28 20:07:11:078;27.8;21.82
2017.06.28 20:07:12:138;27.8;21.82
2017.06.28 20:07:13:198;27.8;21.82
2017.06.28 20:07:14:273;27.8;21.82
2017.06.28 20:07:15:334;27.8;21.82
2017.06.28 20:07:16:395;27.81;21.82
2017.06.28 20:07:17:458;27.81;21.82
2017.06.28 20:07:18:523;27.81;21.82
2017.06.28 20:07:19:589;27.8;21.82
2017.06.28 20:07:20:653;27.81;21.82
2017.06.28 20:07:21:713;27.81;21.82
2017.06.28 20:07:22:785;27.81;21.82
2017.06.28 20:07:23:837;27.81;21.82
2017.06.28 20:07:24:914;27.81;21.82
2017.06.28 20:07:25:980;27.81;21.82
2017.06.28 20:07:27:046;27.81;21.82
2017.06.28 20:07:28:111;27.81;21.82
2017.06.28 20:07:29:174;27.81;21.82
2017.06.28 20:07:30:239;27.81;21.82
2017.06.28 20:07:31:300;27.81;21.82
2017.06.28 20:07:32:361;27.81;21.82
2017.06.28 20:07:33:423;27.81;21.82
2017.06.28 20:07:34:489;27.81;21.82
2017.06.28 20:07:35:553;27.81;21.82
2017.06.28 20:07:36:614;27.81;21.82
2017.06.28 20:07:37:678;27.81;21.82
2017.06.28 20:07:38:742;27.81;21.82
2017.06.28 20:07:39:804;27.81;21.82
2017.06.28 20:07:40:865;27.81;21.82
2017.06.28 20:07:41:938;27.81;21.82
2017.06.28 20:07:43:022;27.8;21.82
2017.06.28 20:07:44:084;27.8;21.82
2017.06.28 20:07:45:147;27.8;21.81
2017.06.28 20:07:46:212;27.79;21.81
2017.06.28 20:07:47:274;27.79;21.81
2017.06.28 20:07:48:336;27.79;21.8
2017.06.28 20:07:49:398;27.78;21.8
2017.06.28 20:07:50:463;27.78;21.8
2017.06.28 20:07:51:524;27.77;21.79
2017.06.28 20:07:52:586;27.77;21.79
2017.06.28 20:07:53:647;27.77;21.79
2017.06.28 20:07:54:708;27.77;21.79
2017.06.28 20:07:55:760;27.77;21.79
2017.06.28 20:07:56:820;27.77;21.79
2017.06.28 20:07:57:882;27.76;21.79
2017.06.28 20:07:58:943;27.76;21.79
2017.06.28 20:08:00:011;27.76;21.79
2017.06.28 20:08:01:096;27.76;21.79
2017.06.28 20:08:02:176;27.76;21.78
2017.06.28 20:08:03:235;27.76;21.78
2017.06.28 20:08:04:296;27.76;21.79
2017.06.28 20:08:05:362;27.76;21.79
2017.06.28 20:08:06:425;27.76;21.79
2017.06.28 20:08:07:487;27.76;21.79
2017.06.28 20:08:08:554;27.76;21.79
2017.06.28 20:08:09:615;27.76;21.79
2017.06.28 20:08:10:677;27.77;21.79
2017.06.28 20:08:11:737;27.77;21.79
2017.06.28 20:08:12:799;27.77;21.8
2017.06.28 20:08:13:860;27.78;21.8
2017.06.28 20:08:14:923;27.78;21.8
2017.06.28 20:08:15:985;27.78;21.8
2017.06.28 20:08:17:047;27.78;21.8
2017.06.28 20:08:18:109;27.78;21.8
2017.06.28 20:08:19:170;27.78;21.8
2017.06.28 20:08:20:231;27.78;21.8
2017.06.28 20:08:21:292;27.78;21.8
2017.06.28 20:08:22:389;27.78;21.8
2017.06.28 20:08:23:440;27.77;21.8
2017.06.28 20:08:24:497;27.77;21.79
2017.06.28 20:08:25:554;27.77;21.79
2017.06.28 20:08:26:634;27.76;21.79
2017.06.28 20:08:27:698;27.76;21.78
2017.06.28 20:08:28:762;27.76;21.78
2017.06.28 20:08:29:822;27.75;21.78
2017.06.28 20:08:30:884;27.75;21.78
2017.06.28 20:08:31:945;27.75;21.77
2017.06.28 20:08:33:007;27.74;21.77
2017.06.28 20:08:34:071;27.74;21.77
2017.06.28 20:08:35:135;27.74;21.77
2017.06.28 20:08:36:197;27.74;21.77
2017.06.28 20:08:37:263;27.74;21.77
2017.06.28 20:08:38:328;27.74;21.77
2017.06.28 20:08:39:392;27.73;21.77
2017.06.28 20:08:40:456;27.73;21.76
2017.06.28 20:08:41:519;27.73;21.76
2017.06.28 20:08:42:580;27.73;21.76
2017.06.28 20:08:43:641;27.72;21.76
2017.06.28 20:08:44:704;27.72;21.75
2017.06.28 20:08:45:765;27.72;21.75
2017.06.28 20:08:46:827;27.72;21.75
2017.06.28 20:08:47:889;27.71;21.75
2017.06.28 20:08:48:949;27.71;21.75
2017.06.28 20:08:50:021;27.7;21.74
2017.06.28 20:08:51:092;27.69;21.74
2017.06.28 20:08:52:155;27.69;21.73
2017.06.28 20:08:53:216;27.69;21.73
2017.06.28 20:08:54:282;27.69;21.73
2017.06.28 20:08:55:332;27.69;21.73
2017.06.28 20:08:56:385;27.69;21.73
2017.06.28 20:08:57:445;27.69;21.73
2017.06.28 20:08:58:516;27.69;21.73
2017.06.28 20:08:59:579;27.69;21.74
2017.06.28 20:09:00:638;27.7;21.74
2017.06.28 20:09:01:700;27.7;21.74
2017.06.28 20:09:02:759;27.7;21.74
2017.06.28 20:09:03:821;27.7;21.74
2017.06.28 20:09:04:886;27.71;21.74
2017.06.28 20:09:05:946;27.71;21.75
2017.06.28 20:09:07:009;27.71;21.75
2017.06.28 20:09:08:072;27.71;21.75
2017.06.28 20:09:09:139;27.72;21.75
2017.06.28 20:09:10:202;27.72;21.76
2017.06.28 20:09:11:262;27.72;21.76
2017.06.28 20:09:12:327;27.73;21.76
2017.06.28 20:09:13:395;27.73;21.76
2017.06.28 20:09:14:454;27.73;21.76
2017.06.28 20:09:15:517;27.73;21.77
2017.06.28 20:09:16:586;27.74;21.77
2017.06.28 20:09:17:653;27.74;21.77
2017.06.28 20:09:18:715;27.74;21.77
2017.06.28 20:09:19:776;27.74;21.77
2017.06.28 20:09:20:841;27.74;21.77
2017.06.28 20:09:21:901;27.74;21.77
2017.06.28 20:09:23:129;27.74;21.77
2017.06.28 20:09:24:307;27.75;21.77
2017.06.28 20:09:25:384;27.75;21.78
2017.06.28 20:09:26:543;27.75;21.78
2017.06.28 20:09:27:712;27.75;21.78
2017.06.28 20:09:28:868;27.76;21.78
2017.06.28 20:09:29:964;27.76;21.78
2017.06.28 20:09:31:142;27.76;21.79
2017.06.28 20:09:32:205;27.76;21.79
2017.06.28 20:09:33:303;27.76;21.79
2017.06.28 20:09:34:367;27.77;21.79
2017.06.28 20:09:35:450;27.77;21.79
2017.06.28 20:09:36:580;27.77;21.79
2017.06.28 20:09:37:706;27.77;21.79
2017.06.28 20:09:38:770;27.77;21.79
2017.06.28 20:09:39:832;27.77;21.79
2017.06.28 20:09:40:983;27.77;21.79
2017.06.28 20:09:42:109;27.78;21.8
2017.06.28 20:09:43:236;27.78;21.8
2017.06.28 20:09:44:366;27.78;21.8
2017.06.28 20:09:45:427;27.78;21.8
2017.06.28 20:09:46:492;27.78;21.8
2017.06.28 20:09:47:638;27.78;21.8
2017.06.28 20:09:48:702;27.79;21.8
2017.06.28 20:09:49:786;27.79;21.81
2017.06.28 20:09:50:882;27.79;21.81
2017.06.28 20:09:52:041;27.79;21.81
2017.06.28 20:09:53:178;27.79;21.81
2017.06.28 20:09:54:239;27.79;21.81
2017.06.28 20:09:55:316;27.79;21.81
2017.06.28 20:09:56:446;27.8;21.81
2017.06.28 20:09:57:532;27.8;21.81
2017.06.28 20:09:58:699;27.8;21.81
2017.06.28 20:09:59:825;27.8;21.82
2017.06.28 20:10:00:951;27.8;21.82
2017.06.28 20:10:02:027;27.8;21.82
2017.06.28 20:10:03:098;27.81;21.82
2017.06.28 20:10:04:159;27.81;21.82
2017.06.28 20:10:05:248;27.81;21.82
2017.06.28 20:10:06:325;27.81;21.82
2017.06.28 20:10:07:386;27.81;21.82
2017.06.28 20:10:08:447;27.81;21.82
2017.06.28 20:10:09:509;27.81;21.82
2017.06.28 20:10:10:571;27.81;21.83
2017.06.28 20:10:11:703;27.81;21.83
2017.06.28 20:10:12:830;27.81;21.83
2017.06.28 20:10:13:955;27.81;21.83
2017.06.28 20:10:15:081;27.81;21.83
2017.06.28 20:10:16:209;27.81;21.83
2017.06.28 20:10:17:335;27.81;21.82
2017.06.28 20:10:18:394;27.81;21.82
2017.06.28 20:10:19:482;27.81;21.82
2017.06.28 20:10:20:613;27.81;21.82
2017.06.28 20:10:21:738;27.81;21.82
2017.06.28 20:10:22:797;27.81;21.82
2017.06.28 20:10:23:888;27.81;21.83
2017.06.28 20:10:25:015;27.81;21.83
2017.06.28 20:10:26:141;27.82;21.83
2017.06.28 20:10:27:269;27.82;21.83
2017.06.28 20:10:28:394;27.82;21.83
2017.06.28 20:10:29:522;27.82;21.83
2017.06.28 20:10:30:646;27.82;21.83
2017.06.28 20:10:31:708;27.82;21.83
2017.06.28 20:10:32:794;27.82;21.83
